%YAML 1.1
%TAG !u! tag:unity3d.com,2011:
--- !u!29 &1
OcclusionCullingSettings:
  m_ObjectHideFlags: 0
  serializedVersion: 2
  m_OcclusionBakeSettings:
    smallestOccluder: 5
    smallestHole: 0.25
    backfaceThreshold: 100
  m_SceneGUID: 00000000000000000000000000000000
  m_OcclusionCullingData: {fileID: 0}
--- !u!104 &2
RenderSettings:
  m_ObjectHideFlags: 0
  serializedVersion: 9
  m_Fog: 1
  m_FogColor: {r: 0.5, g: 0.5, b: 0.5, a: 1}
  m_FogMode: 1
  m_FogDensity: 0.01
  m_LinearFogStart: -38.8
  m_LinearFogEnd: 602.6
  m_AmbientSkyColor: {r: 0.212, g: 0.227, b: 0.259, a: 1}
  m_AmbientEquatorColor: {r: 0.114, g: 0.125, b: 0.133, a: 1}
  m_AmbientGroundColor: {r: 0.047, g: 0.043, b: 0.035, a: 1}
  m_AmbientIntensity: 1
  m_AmbientMode: 0
  m_SubtractiveShadowColor: {r: 0.42, g: 0.478, b: 0.627, a: 1}
  m_SkyboxMaterial: {fileID: 10304, guid: 0000000000000000f000000000000000, type: 0}
  m_HaloStrength: 0.5
  m_FlareStrength: 1
  m_FlareFadeSpeed: 3
  m_HaloTexture: {fileID: 0}
  m_SpotCookie: {fileID: 10001, guid: 0000000000000000e000000000000000, type: 0}
  m_DefaultReflectionMode: 0
  m_DefaultReflectionResolution: 128
  m_ReflectionBounces: 1
  m_ReflectionIntensity: 1
  m_CustomReflection: {fileID: 0}
  m_Sun: {fileID: 0}
  m_IndirectSpecularColor: {r: 0, g: 0, b: 0, a: 1}
  m_UseRadianceAmbientProbe: 0
--- !u!157 &3
LightmapSettings:
  m_ObjectHideFlags: 0
  serializedVersion: 11
  m_GIWorkflowMode: 1
  m_GISettings:
    serializedVersion: 2
    m_BounceScale: 1
    m_IndirectOutputScale: 1
    m_AlbedoBoost: 1
    m_TemporalCoherenceThreshold: 1
    m_EnvironmentLightingMode: 0
    m_EnableBakedLightmaps: 1
    m_EnableRealtimeLightmaps: 1
  m_LightmapEditorSettings:
    serializedVersion: 10
    m_Resolution: 2
    m_BakeResolution: 40
    m_AtlasSize: 1024
    m_AO: 0
    m_AOMaxDistance: 1
    m_CompAOExponent: 1
    m_CompAOExponentDirect: 0
    m_Padding: 2
    m_LightmapParameters: {fileID: 0}
    m_LightmapsBakeMode: 1
    m_TextureCompression: 1
    m_FinalGather: 0
    m_FinalGatherFiltering: 1
    m_FinalGatherRayCount: 256
    m_ReflectionCompression: 2
    m_MixedBakeMode: 1
    m_BakeBackend: 0
    m_PVRSampling: 1
    m_PVRDirectSampleCount: 32
    m_PVRSampleCount: 500
    m_PVRBounces: 2
    m_PVRFilterTypeDirect: 0
    m_PVRFilterTypeIndirect: 0
    m_PVRFilterTypeAO: 0
    m_PVRFilteringMode: 0
    m_PVRCulling: 1
    m_PVRFilteringGaussRadiusDirect: 1
    m_PVRFilteringGaussRadiusIndirect: 5
    m_PVRFilteringGaussRadiusAO: 2
    m_PVRFilteringAtrousPositionSigmaDirect: 0.5
    m_PVRFilteringAtrousPositionSigmaIndirect: 2
    m_PVRFilteringAtrousPositionSigmaAO: 1
    m_ShowResolutionOverlay: 1
  m_LightingDataAsset: {fileID: 0}
  m_UseShadowmask: 0
--- !u!196 &4
NavMeshSettings:
  serializedVersion: 2
  m_ObjectHideFlags: 0
  m_BuildSettings:
    serializedVersion: 2
    agentTypeID: 0
    agentRadius: 0.5
    agentHeight: 2
    agentSlope: 45
    agentClimb: 0.4
    ledgeDropHeight: 0
    maxJumpAcrossDistance: 0
    minRegionArea: 2
    manualCellSize: 0
    cellSize: 0.16666667
    manualTileSize: 0
    tileSize: 256
    accuratePlacement: 0
    debug:
      m_Flags: 0
  m_NavMeshData: {fileID: 0}
--- !u!1001 &19601999
Prefab:
  m_ObjectHideFlags: 0
  serializedVersion: 2
  m_Modification:
    m_TransformParent: {fileID: 0}
    m_Modifications:
    - target: {fileID: 4000011309628076, guid: aa3fe542422362540af0033688d76bef, type: 2}
      propertyPath: m_LocalPosition.x
      value: 0
      objectReference: {fileID: 0}
    - target: {fileID: 4000011309628076, guid: aa3fe542422362540af0033688d76bef, type: 2}
      propertyPath: m_LocalPosition.y
      value: 0
      objectReference: {fileID: 0}
    - target: {fileID: 4000011309628076, guid: aa3fe542422362540af0033688d76bef, type: 2}
      propertyPath: m_LocalPosition.z
      value: 0
      objectReference: {fileID: 0}
    - target: {fileID: 4000011309628076, guid: aa3fe542422362540af0033688d76bef, type: 2}
      propertyPath: m_LocalRotation.x
      value: 0
      objectReference: {fileID: 0}
    - target: {fileID: 4000011309628076, guid: aa3fe542422362540af0033688d76bef, type: 2}
      propertyPath: m_LocalRotation.y
      value: -0.6809126
      objectReference: {fileID: 0}
    - target: {fileID: 4000011309628076, guid: aa3fe542422362540af0033688d76bef, type: 2}
      propertyPath: m_LocalRotation.z
      value: 0
      objectReference: {fileID: 0}
    - target: {fileID: 4000011309628076, guid: aa3fe542422362540af0033688d76bef, type: 2}
      propertyPath: m_LocalRotation.w
      value: 0.73236465
      objectReference: {fileID: 0}
    - target: {fileID: 4000011309628076, guid: aa3fe542422362540af0033688d76bef, type: 2}
      propertyPath: m_RootOrder
      value: 3
      objectReference: {fileID: 0}
    m_RemovedComponents: []
  m_SourcePrefab: {fileID: 100100000, guid: aa3fe542422362540af0033688d76bef, type: 2}
  m_RootGameObject: {fileID: 1568307895}
  m_IsPrefabAsset: 0
--- !u!1 &33161154
GameObject:
  m_ObjectHideFlags: 0
  m_CorrespondingSourceObject: {fileID: 1000012251902750, guid: aa3fe542422362540af0033688d76bef,
    type: 2}
  m_PrefabInternal: {fileID: 19601999}
  serializedVersion: 6
  m_Component:
  - component: {fileID: 33161155}
  m_Layer: 0
  m_Name: Bone012
  m_TagString: Untagged
  m_Icon: {fileID: 0}
  m_NavMeshLayer: 0
  m_StaticEditorFlags: 0
  m_IsActive: 1
--- !u!4 &33161155
Transform:
  m_ObjectHideFlags: 0
  m_CorrespondingSourceObject: {fileID: 4000012262862084, guid: aa3fe542422362540af0033688d76bef,
    type: 2}
  m_PrefabInternal: {fileID: 19601999}
  m_GameObject: {fileID: 33161154}
  m_LocalRotation: {x: 3.241603e-39, y: -2.64697e-23, z: 1.2246469e-16, w: 1}
  m_LocalPosition: {x: -0.7466218, y: 0.00000047683716, z: 0.00000009536743}
  m_LocalScale: {x: 1, y: 1, z: 1}
  m_Children: []
  m_Father: {fileID: 956978222}
  m_RootOrder: 0
  m_LocalEulerAnglesHint: {x: 0, y: 0, z: 0}
--- !u!1 &36006408
GameObject:
  m_ObjectHideFlags: 0
  m_CorrespondingSourceObject: {fileID: 1000010743744396, guid: aa3fe542422362540af0033688d76bef,
    type: 2}
  m_PrefabInternal: {fileID: 19601999}
  serializedVersion: 6
  m_Component:
  - component: {fileID: 36006409}
  m_Layer: 0
  m_Name: Bone013(mirrored)
  m_TagString: Untagged
  m_Icon: {fileID: 0}
  m_NavMeshLayer: 0
  m_StaticEditorFlags: 0
  m_IsActive: 1
--- !u!4 &36006409
Transform:
  m_ObjectHideFlags: 0
  m_CorrespondingSourceObject: {fileID: 4000012911448444, guid: aa3fe542422362540af0033688d76bef,
    type: 2}
  m_PrefabInternal: {fileID: 19601999}
  m_GameObject: {fileID: 36006408}
  m_LocalRotation: {x: 0.066372864, y: -0.17093535, z: 0.86650413, w: 0.4642697}
  m_LocalPosition: {x: -0.5043355, y: 0.00000009536743, z: -0.0000002861023}
  m_LocalScale: {x: 1, y: 1.0000004, z: 1.0000002}
  m_Children:
  - {fileID: 1880006525}
  m_Father: {fileID: 663405192}
  m_RootOrder: 1
  m_LocalEulerAnglesHint: {x: 0, y: 0, z: 0}
--- !u!1 &41583752
GameObject:
  m_ObjectHideFlags: 0
  m_CorrespondingSourceObject: {fileID: 1000013352868236, guid: aa3fe542422362540af0033688d76bef,
    type: 2}
  m_PrefabInternal: {fileID: 19601999}
  serializedVersion: 6
  m_Component:
  - component: {fileID: 41583753}
  m_Layer: 0
  m_Name: Bip002 Head
  m_TagString: Untagged
  m_Icon: {fileID: 0}
  m_NavMeshLayer: 0
  m_StaticEditorFlags: 0
  m_IsActive: 1
--- !u!4 &41583753
Transform:
  m_ObjectHideFlags: 0
  m_CorrespondingSourceObject: {fileID: 4000010598633168, guid: aa3fe542422362540af0033688d76bef,
    type: 2}
  m_PrefabInternal: {fileID: 19601999}
  m_GameObject: {fileID: 41583752}
  m_LocalRotation: {x: 4.3044924e-13, y: 0.0000005673798, z: -0.20456372, w: 0.9788532}
  m_LocalPosition: {x: -0.23151484, y: -0.000000047683717, z: -1.4551915e-12}
  m_LocalScale: {x: 1, y: 1, z: 1}
  m_Children:
  - {fileID: 294530082}
  - {fileID: 249784048}
  - {fileID: 489022595}
  m_Father: {fileID: 802830863}
  m_RootOrder: 0
  m_LocalEulerAnglesHint: {x: 0, y: 0, z: 0}
--- !u!1 &64201430
GameObject:
  m_ObjectHideFlags: 0
  m_CorrespondingSourceObject: {fileID: 1000013321226340, guid: aa3fe542422362540af0033688d76bef,
    type: 2}
  m_PrefabInternal: {fileID: 19601999}
  serializedVersion: 6
  m_Component:
  - component: {fileID: 64201431}
  m_Layer: 0
  m_Name: Bone011(mirrored)
  m_TagString: Untagged
  m_Icon: {fileID: 0}
  m_NavMeshLayer: 0
  m_StaticEditorFlags: 0
  m_IsActive: 1
--- !u!4 &64201431
Transform:
  m_ObjectHideFlags: 0
  m_CorrespondingSourceObject: {fileID: 4000012593962864, guid: aa3fe542422362540af0033688d76bef,
    type: 2}
  m_PrefabInternal: {fileID: 19601999}
  m_GameObject: {fileID: 64201430}
  m_LocalRotation: {x: -0.015803814, y: -0.06905127, z: 0.16528441, w: 0.9836988}
  m_LocalPosition: {x: -0.53132117, y: 0.00000023841858, z: -0.00000047683716}
  m_LocalScale: {x: 0.9999998, y: 1.0000001, z: 1.0000004}
  m_Children:
  - {fileID: 1209864879}
  m_Father: {fileID: 1178363609}
  m_RootOrder: 0
  m_LocalEulerAnglesHint: {x: 0, y: 0, z: 0}
--- !u!1 &69170141
GameObject:
  m_ObjectHideFlags: 0
  m_CorrespondingSourceObject: {fileID: 1000014070094864, guid: aa3fe542422362540af0033688d76bef,
    type: 2}
  m_PrefabInternal: {fileID: 19601999}
  serializedVersion: 6
  m_Component:
  - component: {fileID: 69170142}
  m_Layer: 0
  m_Name: Bip002 L Toe0Nub
  m_TagString: Untagged
  m_Icon: {fileID: 0}
  m_NavMeshLayer: 0
  m_StaticEditorFlags: 0
  m_IsActive: 1
--- !u!4 &69170142
Transform:
  m_ObjectHideFlags: 0
  m_CorrespondingSourceObject: {fileID: 4000010831525522, guid: aa3fe542422362540af0033688d76bef,
    type: 2}
  m_PrefabInternal: {fileID: 19601999}
  m_GameObject: {fileID: 69170141}
  m_LocalRotation: {x: 0, y: 0, z: 1, w: 6.123234e-17}
  m_LocalPosition: {x: -0.15625475, y: 0.0000000044703485, z: 0}
  m_LocalScale: {x: -1, y: -1, z: -1}
  m_Children: []
  m_Father: {fileID: 1637883103}
  m_RootOrder: 0
  m_LocalEulerAnglesHint: {x: 0, y: 0, z: 0}
--- !u!1 &78523058
GameObject:
  m_ObjectHideFlags: 0
  m_CorrespondingSourceObject: {fileID: 1000012948241504, guid: aa3fe542422362540af0033688d76bef,
    type: 2}
  m_PrefabInternal: {fileID: 19601999}
  serializedVersion: 6
  m_Component:
  - component: {fileID: 78523059}
  m_Layer: 0
  m_Name: Bone007(mirrored)
  m_TagString: Untagged
  m_Icon: {fileID: 0}
  m_NavMeshLayer: 0
  m_StaticEditorFlags: 0
  m_IsActive: 1
--- !u!4 &78523059
Transform:
  m_ObjectHideFlags: 0
  m_CorrespondingSourceObject: {fileID: 4000012406044328, guid: aa3fe542422362540af0033688d76bef,
    type: 2}
  m_PrefabInternal: {fileID: 19601999}
  m_GameObject: {fileID: 78523058}
  m_LocalRotation: {x: 0.17167109, y: -0.4668204, z: 0.8170389, w: 0.2916423}
  m_LocalPosition: {x: -0.24127392, y: -0.1747406, z: -0.13954507}
  m_LocalScale: {x: 1.0000004, y: 0.99999976, z: 1}
  m_Children:
  - {fileID: 663405192}
  m_Father: {fileID: 977223186}
  m_RootOrder: 2
  m_LocalEulerAnglesHint: {x: 0, y: 0, z: 0}
--- !u!1 &107226640
GameObject:
  m_ObjectHideFlags: 0
  m_CorrespondingSourceObject: {fileID: 1000010780098472, guid: aa3fe542422362540af0033688d76bef,
    type: 2}
  m_PrefabInternal: {fileID: 19601999}
  serializedVersion: 6
  m_Component:
  - component: {fileID: 107226641}
  m_Layer: 0
  m_Name: Bip002 R Hand
  m_TagString: Untagged
  m_Icon: {fileID: 0}
  m_NavMeshLayer: 0
  m_StaticEditorFlags: 0
  m_IsActive: 1
--- !u!4 &107226641
Transform:
  m_ObjectHideFlags: 0
  m_CorrespondingSourceObject: {fileID: 4000012805238364, guid: aa3fe542422362540af0033688d76bef,
    type: 2}
  m_PrefabInternal: {fileID: 19601999}
  m_GameObject: {fileID: 107226640}
  m_LocalRotation: {x: 0.06909528, y: 0.03795951, z: 0.11595097, w: 0.99012136}
  m_LocalPosition: {x: -0.2288332, y: 0.000000047683717, z: -0.000000023841858}
  m_LocalScale: {x: 0.99999994, y: 1, z: 1}
  m_Children:
  - {fileID: 822805720}
  m_Father: {fileID: 765639002}
  m_RootOrder: 0
  m_LocalEulerAnglesHint: {x: 0, y: 0, z: 0}
--- !u!1 &119679151
GameObject:
  m_ObjectHideFlags: 0
  m_CorrespondingSourceObject: {fileID: 1000010927838660, guid: aa3fe542422362540af0033688d76bef,
    type: 2}
  m_PrefabInternal: {fileID: 19601999}
  serializedVersion: 6
  m_Component:
  - component: {fileID: 119679152}
  m_Layer: 0
  m_Name: Bone009(mirrored)
  m_TagString: Untagged
  m_Icon: {fileID: 0}
  m_NavMeshLayer: 0
  m_StaticEditorFlags: 0
  m_IsActive: 1
--- !u!4 &119679152
Transform:
  m_ObjectHideFlags: 0
  m_CorrespondingSourceObject: {fileID: 4000011118626532, guid: aa3fe542422362540af0033688d76bef,
    type: 2}
  m_PrefabInternal: {fileID: 19601999}
  m_GameObject: {fileID: 119679151}
  m_LocalRotation: {x: 0.09921231, y: -0.124492235, z: 0.5384878, w: 0.82745963}
  m_LocalPosition: {x: -0.5043357, y: 0.000000333786, z: 0.00000019073487}
  m_LocalScale: {x: 0.99999994, y: 0.99999976, z: 1}
  m_Children:
  - {fileID: 1178363609}
  m_Father: {fileID: 663405192}
  m_RootOrder: 0
  m_LocalEulerAnglesHint: {x: 0, y: 0, z: 0}
--- !u!1 &133113325
GameObject:
  m_ObjectHideFlags: 0
  m_CorrespondingSourceObject: {fileID: 1000013843445366, guid: aa3fe542422362540af0033688d76bef,
    type: 2}
  m_PrefabInternal: {fileID: 19601999}
  serializedVersion: 6
  m_Component:
  - component: {fileID: 133113326}
  m_Layer: 0
  m_Name: Bip002 R Calf
  m_TagString: Untagged
  m_Icon: {fileID: 0}
  m_NavMeshLayer: 0
  m_StaticEditorFlags: 0
  m_IsActive: 1
--- !u!4 &133113326
Transform:
  m_ObjectHideFlags: 0
  m_CorrespondingSourceObject: {fileID: 4000013418341988, guid: aa3fe542422362540af0033688d76bef,
    type: 2}
  m_PrefabInternal: {fileID: 19601999}
  m_GameObject: {fileID: 133113325}
  m_LocalRotation: {x: -0.0000000013517237, y: 0.0000000012815187, z: 0.7257012, w: 0.6880101}
  m_LocalPosition: {x: -0.27207264, y: 0, z: 0}
  m_LocalScale: {x: 1.0000001, y: 1.0000001, z: 1.0000001}
  m_Children:
  - {fileID: 181493340}
  m_Father: {fileID: 328201472}
  m_RootOrder: 0
  m_LocalEulerAnglesHint: {x: 0, y: 0, z: 0}
--- !u!1 &168794616
GameObject:
  m_ObjectHideFlags: 0
  m_CorrespondingSourceObject: {fileID: 1000010043671122, guid: aa3fe542422362540af0033688d76bef,
    type: 2}
  m_PrefabInternal: {fileID: 19601999}
  serializedVersion: 6
  m_Component:
  - component: {fileID: 168794617}
  m_Layer: 0
  m_Name: Bip002 R Toe0Nub
  m_TagString: Untagged
  m_Icon: {fileID: 0}
  m_NavMeshLayer: 0
  m_StaticEditorFlags: 0
  m_IsActive: 1
--- !u!4 &168794617
Transform:
  m_ObjectHideFlags: 0
  m_CorrespondingSourceObject: {fileID: 4000012861040046, guid: aa3fe542422362540af0033688d76bef,
    type: 2}
  m_PrefabInternal: {fileID: 19601999}
  m_GameObject: {fileID: 168794616}
  m_LocalRotation: {x: 4.2351647e-22, y: 2.842171e-14, z: -0.000000014901161, w: 1}
  m_LocalPosition: {x: -0.15625472, y: 0.0000000059604646, z: 0}
  m_LocalScale: {x: 1, y: 1, z: 1}
  m_Children: []
  m_Father: {fileID: 2078342341}
  m_RootOrder: 0
  m_LocalEulerAnglesHint: {x: 0, y: 0, z: 0}
--- !u!1 &181493339
GameObject:
  m_ObjectHideFlags: 0
  m_CorrespondingSourceObject: {fileID: 1000013723705698, guid: aa3fe542422362540af0033688d76bef,
    type: 2}
  m_PrefabInternal: {fileID: 19601999}
  serializedVersion: 6
  m_Component:
  - component: {fileID: 181493340}
  m_Layer: 0
  m_Name: Bip002 R HorseLink
  m_TagString: Untagged
  m_Icon: {fileID: 0}
  m_NavMeshLayer: 0
  m_StaticEditorFlags: 0
  m_IsActive: 1
--- !u!4 &181493340
Transform:
  m_ObjectHideFlags: 0
  m_CorrespondingSourceObject: {fileID: 4000013284898290, guid: aa3fe542422362540af0033688d76bef,
    type: 2}
  m_PrefabInternal: {fileID: 19601999}
  m_GameObject: {fileID: 181493339}
  m_LocalRotation: {x: 0.0000000035407692, y: -0.000000002651942, z: -0.59947395,
    w: 0.80039424}
  m_LocalPosition: {x: -0.1855376, y: 0.000000023841858, z: 0}
  m_LocalScale: {x: 0.99999994, y: 1.0000001, z: 1}
  m_Children:
  - {fileID: 1379708059}
  m_Father: {fileID: 133113326}
  m_RootOrder: 0
  m_LocalEulerAnglesHint: {x: 0, y: 0, z: 0}
--- !u!1 &198857480
GameObject:
  m_ObjectHideFlags: 0
  m_CorrespondingSourceObject: {fileID: 1000010697495096, guid: aa3fe542422362540af0033688d76bef,
    type: 2}
  m_PrefabInternal: {fileID: 19601999}
  serializedVersion: 6
  m_Component:
  - component: {fileID: 198857481}
  m_Layer: 0
  m_Name: Bone013
  m_TagString: Untagged
  m_Icon: {fileID: 0}
  m_NavMeshLayer: 0
  m_StaticEditorFlags: 0
  m_IsActive: 1
--- !u!4 &198857481
Transform:
  m_ObjectHideFlags: 0
  m_CorrespondingSourceObject: {fileID: 4000011901813474, guid: aa3fe542422362540af0033688d76bef,
    type: 2}
  m_PrefabInternal: {fileID: 19601999}
  m_GameObject: {fileID: 198857480}
  m_LocalRotation: {x: 0.06637301, y: 0.17093536, z: 0.8665043, w: -0.46426934}
  m_LocalPosition: {x: -0.5043357, y: 0.00000014305115, z: -0.00000014305115}
  m_LocalScale: {x: 0.9999998, y: 1.0000001, z: 1.0000001}
  m_Children:
  - {fileID: 1953481378}
  m_Father: {fileID: 2100501814}
  m_RootOrder: 1
  m_LocalEulerAnglesHint: {x: 0, y: 0, z: 0}
--- !u!1 &247214657
GameObject:
  m_ObjectHideFlags: 0
  m_CorrespondingSourceObject: {fileID: 1000010867231548, guid: aa3fe542422362540af0033688d76bef,
    type: 2}
  m_PrefabInternal: {fileID: 19601999}
  serializedVersion: 6
  m_Component:
  - component: {fileID: 247214658}
  m_Layer: 0
  m_Name: Bip002 L HorseLink
  m_TagString: Untagged
  m_Icon: {fileID: 0}
  m_NavMeshLayer: 0
  m_StaticEditorFlags: 0
  m_IsActive: 1
--- !u!4 &247214658
Transform:
  m_ObjectHideFlags: 0
  m_CorrespondingSourceObject: {fileID: 4000012000786234, guid: aa3fe542422362540af0033688d76bef,
    type: 2}
  m_PrefabInternal: {fileID: 19601999}
  m_GameObject: {fileID: 247214657}
  m_LocalRotation: {x: -0.0000000047505546, y: 0.0000000012308792, z: -0.59947395,
    w: 0.80039424}
  m_LocalPosition: {x: -0.18553764, y: 0.000000023841858, z: 0.000000011920929}
  m_LocalScale: {x: 1, y: 1.0000002, z: 1}
  m_Children:
  - {fileID: 943407602}
  m_Father: {fileID: 621324712}
  m_RootOrder: 0
  m_LocalEulerAnglesHint: {x: 0, y: 0, z: 0}
--- !u!1 &249784047
GameObject:
  m_ObjectHideFlags: 0
  m_CorrespondingSourceObject: {fileID: 1000012124603878, guid: aa3fe542422362540af0033688d76bef,
    type: 2}
  m_PrefabInternal: {fileID: 19601999}
  serializedVersion: 6
  m_Component:
  - component: {fileID: 249784048}
  m_Layer: 0
  m_Name: Bone015
  m_TagString: Untagged
  m_Icon: {fileID: 0}
  m_NavMeshLayer: 0
  m_StaticEditorFlags: 0
  m_IsActive: 1
--- !u!4 &249784048
Transform:
  m_ObjectHideFlags: 0
  m_CorrespondingSourceObject: {fileID: 4000011419487110, guid: aa3fe542422362540af0033688d76bef,
    type: 2}
  m_PrefabInternal: {fileID: 19601999}
  m_GameObject: {fileID: 249784047}
  m_LocalRotation: {x: 0.7613225, y: -0.6483735, z: -0.0000008123899, w: -0.00000051696094}
  m_LocalPosition: {x: -0.029701296, y: 0.10210829, z: 0.000015068054}
  m_LocalScale: {x: 0.99999994, y: 0.99999994, z: 1}
  m_Children:
  - {fileID: 1101629217}
  m_Father: {fileID: 41583753}
  m_RootOrder: 1
  m_LocalEulerAnglesHint: {x: 0, y: 0, z: 0}
--- !u!1 &264912257
GameObject:
  m_ObjectHideFlags: 0
  m_CorrespondingSourceObject: {fileID: 1000011505668002, guid: aa3fe542422362540af0033688d76bef,
    type: 2}
  m_PrefabInternal: {fileID: 19601999}
  serializedVersion: 6
  m_Component:
  - component: {fileID: 264912258}
  m_Layer: 0
  m_Name: S
  m_TagString: Untagged
  m_Icon: {fileID: 0}
  m_NavMeshLayer: 0
  m_StaticEditorFlags: 0
  m_IsActive: 1
--- !u!4 &264912258
Transform:
  m_ObjectHideFlags: 0
  m_CorrespondingSourceObject: {fileID: 4000011753328180, guid: aa3fe542422362540af0033688d76bef,
    type: 2}
  m_PrefabInternal: {fileID: 19601999}
  m_GameObject: {fileID: 264912257}
  m_LocalRotation: {x: 0.00000006644125, y: 0.00000003671722, z: 0.000000003725288,
    w: 1}
  m_LocalPosition: {x: -0.42714825, y: -0.030891037, z: 0.00000006104383}
  m_LocalScale: {x: 0.99999994, y: 1.0000001, z: 0.9999999}
  m_Children: []
  m_Father: {fileID: 1337026288}
  m_RootOrder: 1
  m_LocalEulerAnglesHint: {x: 0, y: 0, z: 0}
--- !u!1 &283483610
GameObject:
  m_ObjectHideFlags: 0
  m_CorrespondingSourceObject: {fileID: 1000010687161166, guid: aa3fe542422362540af0033688d76bef,
    type: 2}
  m_PrefabInternal: {fileID: 19601999}
  serializedVersion: 6
  m_Component:
  - component: {fileID: 283483611}
  m_Layer: 0
  m_Name: Bip002 L Finger0Nub
  m_TagString: Untagged
  m_Icon: {fileID: 0}
  m_NavMeshLayer: 0
  m_StaticEditorFlags: 0
  m_IsActive: 1
--- !u!4 &283483611
Transform:
  m_ObjectHideFlags: 0
  m_CorrespondingSourceObject: {fileID: 4000013264132610, guid: aa3fe542422362540af0033688d76bef,
    type: 2}
  m_PrefabInternal: {fileID: 19601999}
  m_GameObject: {fileID: 283483610}
  m_LocalRotation: {x: 0, y: -0.0000000011641534, z: -0, w: 1}
  m_LocalPosition: {x: -0.16848789, y: 0, z: -0.000000023841858}
  m_LocalScale: {x: 0.9999998, y: 0.9999999, z: 0.99999994}
  m_Children: []
  m_Father: {fileID: 1924358911}
  m_RootOrder: 0
  m_LocalEulerAnglesHint: {x: 0, y: 0, z: 0}
--- !u!1 &294530081
GameObject:
  m_ObjectHideFlags: 0
  m_CorrespondingSourceObject: {fileID: 1000011739817646, guid: aa3fe542422362540af0033688d76bef,
    type: 2}
  m_PrefabInternal: {fileID: 19601999}
  serializedVersion: 6
  m_Component:
  - component: {fileID: 294530082}
  m_Layer: 0
  m_Name: Bip002 HeadNub
  m_TagString: Untagged
  m_Icon: {fileID: 0}
  m_NavMeshLayer: 0
  m_StaticEditorFlags: 0
  m_IsActive: 1
--- !u!4 &294530082
Transform:
  m_ObjectHideFlags: 0
  m_CorrespondingSourceObject: {fileID: 4000011830187610, guid: aa3fe542422362540af0033688d76bef,
    type: 2}
  m_PrefabInternal: {fileID: 19601999}
  m_GameObject: {fileID: 294530081}
  m_LocalRotation: {x: 7.1054274e-14, y: 3.552714e-14, z: 0.000000014901161, w: 1}
  m_LocalPosition: {x: -0.18355647, y: 0, z: 1.4551915e-12}
  m_LocalScale: {x: 1, y: 1, z: 1}
  m_Children: []
  m_Father: {fileID: 41583753}
  m_RootOrder: 0
  m_LocalEulerAnglesHint: {x: 0, y: 0, z: 0}
--- !u!1 &328201471
GameObject:
  m_ObjectHideFlags: 0
  m_CorrespondingSourceObject: {fileID: 1000012997212172, guid: aa3fe542422362540af0033688d76bef,
    type: 2}
  m_PrefabInternal: {fileID: 19601999}
  serializedVersion: 6
  m_Component:
  - component: {fileID: 328201472}
  m_Layer: 0
  m_Name: Bip002 R Thigh
  m_TagString: Untagged
  m_Icon: {fileID: 0}
  m_NavMeshLayer: 0
  m_StaticEditorFlags: 0
  m_IsActive: 1
--- !u!4 &328201472
Transform:
  m_ObjectHideFlags: 0
  m_CorrespondingSourceObject: {fileID: 4000010291489862, guid: aa3fe542422362540af0033688d76bef,
    type: 2}
  m_PrefabInternal: {fileID: 19601999}
  m_GameObject: {fileID: 328201471}
  m_LocalRotation: {x: 0.7982295, y: -0.60160726, z: 0.011875587, w: 0.027521295}
  m_LocalPosition: {x: -0.00000023841858, y: -0.00000023841858, z: -0.15784685}
  m_LocalScale: {x: 0.99999994, y: 0.99999994, z: 1}
  m_Children:
  - {fileID: 133113326}
  m_Father: {fileID: 1051532722}
  m_RootOrder: 1
  m_LocalEulerAnglesHint: {x: 0, y: 0, z: 0}
--- !u!1 &389766710
GameObject:
  m_ObjectHideFlags: 0
  m_CorrespondingSourceObject: {fileID: 1000014137134342, guid: aa3fe542422362540af0033688d76bef,
    type: 2}
  m_PrefabInternal: {fileID: 19601999}
  serializedVersion: 6
  m_Component:
  - component: {fileID: 389766711}
  m_Layer: 0
  m_Name: Bone002
  m_TagString: Untagged
  m_Icon: {fileID: 0}
  m_NavMeshLayer: 0
  m_StaticEditorFlags: 0
  m_IsActive: 1
--- !u!4 &389766711
Transform:
  m_ObjectHideFlags: 0
  m_CorrespondingSourceObject: {fileID: 4000011071959280, guid: aa3fe542422362540af0033688d76bef,
    type: 2}
  m_PrefabInternal: {fileID: 19601999}
  m_GameObject: {fileID: 389766710}
  m_LocalRotation: {x: 0.000000011458629, y: -0.00000011682733, z: 0.097613335, w: 0.9952244}
  m_LocalPosition: {x: -0.529579, y: -0.000000047683717, z: 0.000000015990457}
  m_LocalScale: {x: 1, y: 1, z: 1}
  m_Children:
  - {fileID: 547782264}
  m_Father: {fileID: 1166501380}
  m_RootOrder: 0
  m_LocalEulerAnglesHint: {x: 0, y: 0, z: 0}
--- !u!1 &447963695
GameObject:
  m_ObjectHideFlags: 0
  m_CorrespondingSourceObject: {fileID: 1000010650158460, guid: aa3fe542422362540af0033688d76bef,
    type: 2}
  m_PrefabInternal: {fileID: 19601999}
  serializedVersion: 6
  m_Component:
  - component: {fileID: 447963696}
  m_Layer: 0
  m_Name: Bip002
  m_TagString: Untagged
  m_Icon: {fileID: 0}
  m_NavMeshLayer: 0
  m_StaticEditorFlags: 0
  m_IsActive: 1
--- !u!4 &447963696
Transform:
  m_ObjectHideFlags: 0
  m_CorrespondingSourceObject: {fileID: 4000013214137790, guid: aa3fe542422362540af0033688d76bef,
    type: 2}
  m_PrefabInternal: {fileID: 19601999}
  m_GameObject: {fileID: 447963695}
  m_LocalRotation: {x: -0.044020593, y: 0.044020403, z: 0.7057348, w: 0.7057357}
  m_LocalPosition: {x: 0.000014998019, y: 0.61986125, z: 0.027434697}
  m_LocalScale: {x: 1, y: 1, z: 1}
  m_Children:
  - {fileID: 1145792787}
  - {fileID: 1051532722}
  m_Father: {fileID: 1568307898}
  m_RootOrder: 1
  m_LocalEulerAnglesHint: {x: 0, y: 0, z: 0}
--- !u!1 &478064008
GameObject:
  m_ObjectHideFlags: 0
  m_CorrespondingSourceObject: {fileID: 1000013438912734, guid: aa3fe542422362540af0033688d76bef,
    type: 2}
  m_PrefabInternal: {fileID: 19601999}
  serializedVersion: 6
  m_Component:
  - component: {fileID: 478064009}
  m_Layer: 0
  m_Name: FR
  m_TagString: Untagged
  m_Icon: {fileID: 0}
  m_NavMeshLayer: 0
  m_StaticEditorFlags: 0
  m_IsActive: 1
--- !u!4 &478064009
Transform:
  m_ObjectHideFlags: 0
  m_CorrespondingSourceObject: {fileID: 4000011427177484, guid: aa3fe542422362540af0033688d76bef,
    type: 2}
  m_PrefabInternal: {fileID: 19601999}
  m_GameObject: {fileID: 478064008}
  m_LocalRotation: {x: 0.00000003692555, y: -0.000000022243345, z: 0.00000005960466,
    w: 1}
  m_LocalPosition: {x: -0.07316775, y: 0.018017868, z: -0.0025132657}
  m_LocalScale: {x: 0.99999976, y: 0.9999998, z: 0.99999994}
  m_Children: []
  m_Father: {fileID: 2078342341}
  m_RootOrder: 1
  m_LocalEulerAnglesHint: {x: 0, y: 0, z: 0}
--- !u!1 &489022594
GameObject:
  m_ObjectHideFlags: 0
  m_CorrespondingSourceObject: {fileID: 1000013145029046, guid: aa3fe542422362540af0033688d76bef,
    type: 2}
  m_PrefabInternal: {fileID: 19601999}
  serializedVersion: 6
  m_Component:
  - component: {fileID: 489022595}
  m_Layer: 0
  m_Name: H
  m_TagString: Untagged
  m_Icon: {fileID: 0}
  m_NavMeshLayer: 0
  m_StaticEditorFlags: 0
  m_IsActive: 1
--- !u!4 &489022595
Transform:
  m_ObjectHideFlags: 0
  m_CorrespondingSourceObject: {fileID: 4000010452140938, guid: aa3fe542422362540af0033688d76bef,
    type: 2}
  m_PrefabInternal: {fileID: 19601999}
  m_GameObject: {fileID: 489022594}
  m_LocalRotation: {x: 0.00000018187825, y: -0.000000023291893, z: -0.000000014901158,
    w: 1}
  m_LocalPosition: {x: -0.22731638, y: 0.21093173, z: 0.000000509691}
  m_LocalScale: {x: 0.99999994, y: 0.9999999, z: 1}
  m_Children: []
  m_Father: {fileID: 41583753}
  m_RootOrder: 2
  m_LocalEulerAnglesHint: {x: 0, y: 0, z: 0}
--- !u!1 &502429907
GameObject:
  m_ObjectHideFlags: 0
  m_CorrespondingSourceObject: {fileID: 1000013655508710, guid: aa3fe542422362540af0033688d76bef,
    type: 2}
  m_PrefabInternal: {fileID: 19601999}
  serializedVersion: 6
  m_Component:
  - component: {fileID: 502429908}
  m_Layer: 0
  m_Name: Bip002 L Hand
  m_TagString: Untagged
  m_Icon: {fileID: 0}
  m_NavMeshLayer: 0
  m_StaticEditorFlags: 0
  m_IsActive: 1
--- !u!4 &502429908
Transform:
  m_ObjectHideFlags: 0
  m_CorrespondingSourceObject: {fileID: 4000013607555838, guid: aa3fe542422362540af0033688d76bef,
    type: 2}
  m_PrefabInternal: {fileID: 19601999}
  m_GameObject: {fileID: 502429907}
  m_LocalRotation: {x: -0.06909528, y: -0.03795951, z: 0.11595096, w: 0.99012136}
  m_LocalPosition: {x: -0.2288332, y: 0, z: -0.000000023841858}
  m_LocalScale: {x: 0.99999994, y: 0.99999994, z: 1}
  m_Children:
  - {fileID: 1924358911}
  m_Father: {fileID: 1080345370}
  m_RootOrder: 0
  m_LocalEulerAnglesHint: {x: 0, y: 0, z: 0}
--- !u!1 &547782263
GameObject:
  m_ObjectHideFlags: 0
  m_CorrespondingSourceObject: {fileID: 1000010917165168, guid: aa3fe542422362540af0033688d76bef,
    type: 2}
  m_PrefabInternal: {fileID: 19601999}
  serializedVersion: 6
  m_Component:
  - component: {fileID: 547782264}
  m_Layer: 0
  m_Name: Bone003
  m_TagString: Untagged
  m_Icon: {fileID: 0}
  m_NavMeshLayer: 0
  m_StaticEditorFlags: 0
  m_IsActive: 1
--- !u!4 &547782264
Transform:
  m_ObjectHideFlags: 0
  m_CorrespondingSourceObject: {fileID: 4000010309737630, guid: aa3fe542422362540af0033688d76bef,
    type: 2}
  m_PrefabInternal: {fileID: 19601999}
  m_GameObject: {fileID: 547782263}
  m_LocalRotation: {x: 0.0000000023252102, y: 4.394224e-11, z: 0.018895216, w: 0.9998215}
  m_LocalPosition: {x: -0.39892885, y: 0.00000009536743, z: 8.9812603e-13}
  m_LocalScale: {x: 0.99999994, y: 0.99999994, z: 1}
  m_Children:
  - {fileID: 758873208}
  m_Father: {fileID: 389766711}
  m_RootOrder: 0
  m_LocalEulerAnglesHint: {x: 0, y: 0, z: 0}
--- !u!1 &621324711
GameObject:
  m_ObjectHideFlags: 0
  m_CorrespondingSourceObject: {fileID: 1000010524315422, guid: aa3fe542422362540af0033688d76bef,
    type: 2}
  m_PrefabInternal: {fileID: 19601999}
  serializedVersion: 6
  m_Component:
  - component: {fileID: 621324712}
  m_Layer: 0
  m_Name: Bip002 L Calf
  m_TagString: Untagged
  m_Icon: {fileID: 0}
  m_NavMeshLayer: 0
  m_StaticEditorFlags: 0
  m_IsActive: 1
--- !u!4 &621324712
Transform:
  m_ObjectHideFlags: 0
  m_CorrespondingSourceObject: {fileID: 4000011643566124, guid: aa3fe542422362540af0033688d76bef,
    type: 2}
  m_PrefabInternal: {fileID: 19601999}
  m_GameObject: {fileID: 621324711}
  m_LocalRotation: {x: 0.0000000040551718, y: -0.0000000038445562, z: 0.7257012, w: 0.6880101}
  m_LocalPosition: {x: -0.2720726, y: -0.000000023841858, z: -0.000000011920929}
  m_LocalScale: {x: 1, y: 1.0000001, z: 0.99999994}
  m_Children:
  - {fileID: 247214658}
  m_Father: {fileID: 1586025047}
  m_RootOrder: 0
  m_LocalEulerAnglesHint: {x: 0, y: 0, z: 0}
--- !u!1 &643725398
GameObject:
  m_ObjectHideFlags: 0
  m_CorrespondingSourceObject: {fileID: 1000011664164912, guid: aa3fe542422362540af0033688d76bef,
    type: 2}
  m_PrefabInternal: {fileID: 19601999}
  serializedVersion: 6
  m_Component:
  - component: {fileID: 643725399}
  m_Layer: 0
  m_Name: Bone005
  m_TagString: Untagged
  m_Icon: {fileID: 0}
  m_NavMeshLayer: 0
  m_StaticEditorFlags: 0
  m_IsActive: 1
--- !u!4 &643725399
Transform:
  m_ObjectHideFlags: 0
  m_CorrespondingSourceObject: {fileID: 4000012953970442, guid: aa3fe542422362540af0033688d76bef,
    type: 2}
  m_PrefabInternal: {fileID: 19601999}
  m_GameObject: {fileID: 643725398}
  m_LocalRotation: {x: 0.000000008399252, y: 4.734499e-10, z: 0.056278758, w: 0.9984151}
  m_LocalPosition: {x: -0.42191115, y: -0.000000023841858, z: 0.000000063172}
  m_LocalScale: {x: 1.0000001, y: 1.0000001, z: 1}
  m_Children:
  - {fileID: 686078330}
  m_Father: {fileID: 758873208}
  m_RootOrder: 0
  m_LocalEulerAnglesHint: {x: 0, y: 0, z: 0}
--- !u!1 &663405191
GameObject:
  m_ObjectHideFlags: 0
  m_CorrespondingSourceObject: {fileID: 1000013287673306, guid: aa3fe542422362540af0033688d76bef,
    type: 2}
  m_PrefabInternal: {fileID: 19601999}
  serializedVersion: 6
  m_Component:
  - component: {fileID: 663405192}
  m_Layer: 0
  m_Name: Bone008(mirrored)
  m_TagString: Untagged
  m_Icon: {fileID: 0}
  m_NavMeshLayer: 0
  m_StaticEditorFlags: 0
  m_IsActive: 1
--- !u!4 &663405192
Transform:
  m_ObjectHideFlags: 0
  m_CorrespondingSourceObject: {fileID: 4000014144844914, guid: aa3fe542422362540af0033688d76bef,
    type: 2}
  m_PrefabInternal: {fileID: 19601999}
  m_GameObject: {fileID: 663405191}
  m_LocalRotation: {x: 0.012883743, y: 0.036291026, z: -0.57686013, w: 0.8159347}
  m_LocalPosition: {x: -0.46844062, y: 0.000000047683717, z: 0}
  m_LocalScale: {x: 1.0000001, y: 0.9999999, z: 1.0000001}
  m_Children:
  - {fileID: 119679152}
  - {fileID: 36006409}
  m_Father: {fileID: 78523059}
  m_RootOrder: 0
  m_LocalEulerAnglesHint: {x: 0, y: 0, z: 0}
--- !u!1 &686078329
GameObject:
  m_ObjectHideFlags: 0
  m_CorrespondingSourceObject: {fileID: 1000010927315800, guid: aa3fe542422362540af0033688d76bef,
    type: 2}
  m_PrefabInternal: {fileID: 19601999}
  serializedVersion: 6
  m_Component:
  - component: {fileID: 686078330}
  m_Layer: 0
  m_Name: Bone006
  m_TagString: Untagged
  m_Icon: {fileID: 0}
  m_NavMeshLayer: 0
  m_StaticEditorFlags: 0
  m_IsActive: 1
--- !u!4 &686078330
Transform:
  m_ObjectHideFlags: 0
  m_CorrespondingSourceObject: {fileID: 4000012195794876, guid: aa3fe542422362540af0033688d76bef,
    type: 2}
  m_PrefabInternal: {fileID: 19601999}
  m_GameObject: {fileID: 686078329}
  m_LocalRotation: {x: 0, y: 0, z: 1.2246469e-16, w: 1}
  m_LocalPosition: {x: -0.5487141, y: 0.00000011920929, z: 0.000000081632265}
  m_LocalScale: {x: 0.99999994, y: 0.99999994, z: 1}
  m_Children: []
  m_Father: {fileID: 643725399}
  m_RootOrder: 0
  m_LocalEulerAnglesHint: {x: 0, y: 0, z: 0}
--- !u!1 &740360166
GameObject:
  m_ObjectHideFlags: 0
  m_CorrespondingSourceObject: {fileID: 1000010893223720, guid: aa3fe542422362540af0033688d76bef,
    type: 2}
  m_PrefabInternal: {fileID: 19601999}
  serializedVersion: 6
  m_Component:
  - component: {fileID: 740360167}
  m_Layer: 0
  m_Name: Bip002 R UpperArm
  m_TagString: Untagged
  m_Icon: {fileID: 0}
  m_NavMeshLayer: 0
  m_StaticEditorFlags: 0
  m_IsActive: 1
--- !u!4 &740360167
Transform:
  m_ObjectHideFlags: 0
  m_CorrespondingSourceObject: {fileID: 4000012747953076, guid: aa3fe542422362540af0033688d76bef,
    type: 2}
  m_PrefabInternal: {fileID: 19601999}
  m_GameObject: {fileID: 740360166}
  m_LocalRotation: {x: 0.43905455, y: 0.5288797, z: 0.31186092, w: 0.65594214}
  m_LocalPosition: {x: -0.09120761, y: -0.000000047683717, z: 0}
  m_LocalScale: {x: 1, y: 1.0000001, z: 1}
  m_Children:
  - {fileID: 765639002}
  m_Father: {fileID: 1155936431}
  m_RootOrder: 0
  m_LocalEulerAnglesHint: {x: 0, y: 0, z: 0}
--- !u!1 &755250283
GameObject:
  m_ObjectHideFlags: 0
  m_CorrespondingSourceObject: {fileID: 1000010876144494, guid: aa3fe542422362540af0033688d76bef,
    type: 2}
  m_PrefabInternal: {fileID: 19601999}
  serializedVersion: 6
  m_Component:
  - component: {fileID: 755250284}
  m_Layer: 0
  m_Name: Bone017(mirrored)
  m_TagString: Untagged
  m_Icon: {fileID: 0}
  m_NavMeshLayer: 0
  m_StaticEditorFlags: 0
  m_IsActive: 1
--- !u!4 &755250284
Transform:
  m_ObjectHideFlags: 0
  m_CorrespondingSourceObject: {fileID: 4000011276630778, guid: aa3fe542422362540af0033688d76bef,
    type: 2}
  m_PrefabInternal: {fileID: 19601999}
  m_GameObject: {fileID: 755250283}
  m_LocalRotation: {x: 0.63399094, y: 0.6230369, z: 0.27343735, w: -0.3675767}
  m_LocalPosition: {x: -0.19264176, y: -0.080957316, z: -0.12426853}
  m_LocalScale: {x: 0.9999999, y: 1, z: 1.0000001}
  m_Children: []
  m_Father: {fileID: 802830863}
  m_RootOrder: 4
  m_LocalEulerAnglesHint: {x: 0, y: 0, z: 0}
--- !u!1 &758873207
GameObject:
  m_ObjectHideFlags: 0
  m_CorrespondingSourceObject: {fileID: 1000012305197842, guid: aa3fe542422362540af0033688d76bef,
    type: 2}
  m_PrefabInternal: {fileID: 19601999}
  serializedVersion: 6
  m_Component:
  - component: {fileID: 758873208}
  m_Layer: 0
  m_Name: Bone004
  m_TagString: Untagged
  m_Icon: {fileID: 0}
  m_NavMeshLayer: 0
  m_StaticEditorFlags: 0
  m_IsActive: 1
--- !u!4 &758873208
Transform:
  m_ObjectHideFlags: 0
  m_CorrespondingSourceObject: {fileID: 4000013993555984, guid: aa3fe542422362540af0033688d76bef,
    type: 2}
  m_PrefabInternal: {fileID: 19601999}
  m_GameObject: {fileID: 758873207}
  m_LocalRotation: {x: 0.000000006338315, y: 2.6808952e-10, z: 0.042259265, w: 0.9991067}
  m_LocalPosition: {x: -0.384338, y: -0.00000009536743, z: 0.000000057743616}
  m_LocalScale: {x: 1.0000001, y: 1.0000001, z: 1}
  m_Children:
  - {fileID: 643725399}
  m_Father: {fileID: 547782264}
  m_RootOrder: 0
  m_LocalEulerAnglesHint: {x: 0, y: 0, z: 0}
--- !u!1 &765639001
GameObject:
  m_ObjectHideFlags: 0
  m_CorrespondingSourceObject: {fileID: 1000010795941254, guid: aa3fe542422362540af0033688d76bef,
    type: 2}
  m_PrefabInternal: {fileID: 19601999}
  serializedVersion: 6
  m_Component:
  - component: {fileID: 765639002}
  m_Layer: 0
  m_Name: Bip002 R Forearm
  m_TagString: Untagged
  m_Icon: {fileID: 0}
  m_NavMeshLayer: 0
  m_StaticEditorFlags: 0
  m_IsActive: 1
--- !u!4 &765639002
Transform:
  m_ObjectHideFlags: 0
  m_CorrespondingSourceObject: {fileID: 4000010377720586, guid: aa3fe542422362540af0033688d76bef,
    type: 2}
  m_PrefabInternal: {fileID: 19601999}
  m_GameObject: {fileID: 765639001}
  m_LocalRotation: {x: -0.0000000028031313, y: -0.0000000131359705, z: 0.36884153,
    w: 0.9294923}
  m_LocalPosition: {x: -0.27400485, y: 0.000000023841858, z: 0.000000023841858}
  m_LocalScale: {x: 0.9999999, y: 1, z: 1}
  m_Children:
  - {fileID: 107226641}
  m_Father: {fileID: 740360167}
  m_RootOrder: 0
  m_LocalEulerAnglesHint: {x: 0, y: 0, z: 0}
--- !u!1 &802830862
GameObject:
  m_ObjectHideFlags: 0
  m_CorrespondingSourceObject: {fileID: 1000013938158586, guid: aa3fe542422362540af0033688d76bef,
    type: 2}
  m_PrefabInternal: {fileID: 19601999}
  serializedVersion: 6
  m_Component:
  - component: {fileID: 802830863}
  m_Layer: 0
  m_Name: Bip002 Neck
  m_TagString: Untagged
  m_Icon: {fileID: 0}
  m_NavMeshLayer: 0
  m_StaticEditorFlags: 0
  m_IsActive: 1
--- !u!4 &802830863
Transform:
  m_ObjectHideFlags: 0
  m_CorrespondingSourceObject: {fileID: 4000014184102266, guid: aa3fe542422362540af0033688d76bef,
    type: 2}
  m_PrefabInternal: {fileID: 19601999}
  m_GameObject: {fileID: 802830862}
  m_LocalRotation: {x: 3.990362e-14, y: -0.0000016430475, z: 0.59238803, w: 0.8056528}
  m_LocalPosition: {x: -0.18183175, y: -0.2409318, z: 0.000000049230586}
  m_LocalScale: {x: 1.0000001, y: 1.0000001, z: 1}
  m_Children:
  - {fileID: 41583753}
  - {fileID: 2107559429}
  - {fileID: 1155936431}
  - {fileID: 2018338134}
  - {fileID: 755250284}
  m_Father: {fileID: 1337026288}
  m_RootOrder: 0
  m_LocalEulerAnglesHint: {x: 0, y: 0, z: 0}
--- !u!1 &822805719
GameObject:
  m_ObjectHideFlags: 0
  m_CorrespondingSourceObject: {fileID: 1000010372192624, guid: aa3fe542422362540af0033688d76bef,
    type: 2}
  m_PrefabInternal: {fileID: 19601999}
  serializedVersion: 6
  m_Component:
  - component: {fileID: 822805720}
  m_Layer: 0
  m_Name: Bip002 R Finger0
  m_TagString: Untagged
  m_Icon: {fileID: 0}
  m_NavMeshLayer: 0
  m_StaticEditorFlags: 0
  m_IsActive: 1
--- !u!4 &822805720
Transform:
  m_ObjectHideFlags: 0
  m_CorrespondingSourceObject: {fileID: 4000010156182724, guid: aa3fe542422362540af0033688d76bef,
    type: 2}
  m_PrefabInternal: {fileID: 19601999}
  m_GameObject: {fileID: 822805719}
  m_LocalRotation: {x: 0.00038182084, y: -0.00011288539, z: 0.28351945, w: 0.95896643}
  m_LocalPosition: {x: -0.0965534, y: 0.00014429093, z: 0.004400468}
  m_LocalScale: {x: 1.0000001, y: 1.0000001, z: 1.0000001}
  m_Children:
  - {fileID: 1299306338}
  - {fileID: 1002916281}
  m_Father: {fileID: 107226641}
  m_RootOrder: 0
  m_LocalEulerAnglesHint: {x: 0, y: 0, z: 0}
--- !u!1 &863711673
GameObject:
  m_ObjectHideFlags: 0
  m_CorrespondingSourceObject: {fileID: 0}
  m_PrefabInternal: {fileID: 0}
  serializedVersion: 6
  m_Component:
  - component: {fileID: 863711678}
  - component: {fileID: 863711677}
  - component: {fileID: 863711676}
  - component: {fileID: 863711675}
  - component: {fileID: 863711674}
  - component: {fileID: 863711679}
  m_Layer: 0
  m_Name: Main Camera
  m_TagString: MainCamera
  m_Icon: {fileID: 0}
  m_NavMeshLayer: 0
  m_StaticEditorFlags: 0
  m_IsActive: 1
--- !u!81 &863711674
AudioListener:
  m_ObjectHideFlags: 0
  m_CorrespondingSourceObject: {fileID: 0}
  m_PrefabInternal: {fileID: 0}
  m_GameObject: {fileID: 863711673}
  m_Enabled: 1
--- !u!124 &863711675
Behaviour:
  m_ObjectHideFlags: 0
  m_CorrespondingSourceObject: {fileID: 0}
  m_PrefabInternal: {fileID: 0}
  m_GameObject: {fileID: 863711673}
  m_Enabled: 1
--- !u!92 &863711676
Behaviour:
  m_ObjectHideFlags: 0
  m_CorrespondingSourceObject: {fileID: 0}
  m_PrefabInternal: {fileID: 0}
  m_GameObject: {fileID: 863711673}
  m_Enabled: 1
--- !u!20 &863711677
Camera:
  m_ObjectHideFlags: 0
  m_CorrespondingSourceObject: {fileID: 0}
  m_PrefabInternal: {fileID: 0}
  m_GameObject: {fileID: 863711673}
  m_Enabled: 1
  serializedVersion: 2
  m_ClearFlags: 2
  m_BackGroundColor: {r: 0.35294116, g: 0.35294116, b: 0.35294116, a: 0}
  m_projectionMatrixMode: 1
  m_SensorSize: {x: 36, y: 24}
  m_LensShift: {x: 0, y: 0}
  m_FocalLength: 50
  m_NormalizedViewPortRect:
    serializedVersion: 2
    x: 0
    y: 0
    width: 1
    height: 1
  near clip plane: 0.3
  far clip plane: 1000
  field of view: 60
  orthographic: 0
  orthographic size: 5
  m_Depth: -1
  m_CullingMask:
    serializedVersion: 2
    m_Bits: 4294967295
  m_RenderingPath: -1
  m_TargetTexture: {fileID: 0}
  m_TargetDisplay: 0
  m_TargetEye: 3
  m_HDR: 0
  m_AllowMSAA: 1
  m_AllowDynamicResolution: 0
  m_ForceIntoRT: 0
  m_OcclusionCulling: 1
  m_StereoConvergence: 10
  m_StereoSeparation: 0.022
--- !u!4 &863711678
Transform:
  m_ObjectHideFlags: 0
  m_CorrespondingSourceObject: {fileID: 0}
  m_PrefabInternal: {fileID: 0}
  m_GameObject: {fileID: 863711673}
  m_LocalRotation: {x: 0.10600974, y: 0.8058549, z: -0.15190183, w: 0.5623929}
  m_LocalPosition: {x: -3.6732132, y: 3.1818497, z: 1.0369598}
  m_LocalScale: {x: 1, y: 1, z: 1}
  m_Children: []
  m_Father: {fileID: 0}
  m_RootOrder: 0
  m_LocalEulerAnglesHint: {x: 0, y: 0, z: 0}
--- !u!82 &863711679
AudioSource:
  m_ObjectHideFlags: 0
  m_CorrespondingSourceObject: {fileID: 0}
  m_PrefabInternal: {fileID: 0}
  m_GameObject: {fileID: 863711673}
  m_Enabled: 1
  serializedVersion: 4
  OutputAudioMixerGroup: {fileID: 0}
  m_audioClip: {fileID: 8300000, guid: 4af448505fbb60140b9fe8494a3b2bed, type: 3}
  m_PlayOnAwake: 1
  m_Volume: 1
  m_Pitch: 1
  Loop: 0
  Mute: 0
  Spatialize: 0
  SpatializePostEffects: 0
  Priority: 128
  DopplerLevel: 1
  MinDistance: 1
  MaxDistance: 500
  Pan2D: 0
  rolloffMode: 0
  BypassEffects: 0
  BypassListenerEffects: 0
  BypassReverbZones: 0
  rolloffCustomCurve:
    serializedVersion: 2
    m_Curve:
    - serializedVersion: 3
      time: 0
      value: 1
      inSlope: 0
      outSlope: 0
      tangentMode: 0
      weightedMode: 0
      inWeight: 0.33333334
      outWeight: 0.33333334
    - serializedVersion: 3
      time: 1
      value: 0
      inSlope: 0
      outSlope: 0
      tangentMode: 0
      weightedMode: 0
      inWeight: 0.33333334
      outWeight: 0.33333334
    m_PreInfinity: 2
    m_PostInfinity: 2
    m_RotationOrder: 4
  panLevelCustomCurve:
    serializedVersion: 2
    m_Curve:
    - serializedVersion: 3
      time: 0
      value: 0
      inSlope: 0
      outSlope: 0
      tangentMode: 0
      weightedMode: 0
      inWeight: 0.33333334
      outWeight: 0.33333334
    m_PreInfinity: 2
    m_PostInfinity: 2
    m_RotationOrder: 0
  spreadCustomCurve:
    serializedVersion: 2
    m_Curve:
    - serializedVersion: 3
      time: 0
      value: 0
      inSlope: 0
      outSlope: 0
      tangentMode: 0
      weightedMode: 0
      inWeight: 0.33333334
      outWeight: 0.33333334
    m_PreInfinity: 2
    m_PostInfinity: 2
    m_RotationOrder: 0
  reverbZoneMixCustomCurve:
    serializedVersion: 2
    m_Curve:
    - serializedVersion: 3
      time: 0
      value: 1
      inSlope: 0
      outSlope: 0
      tangentMode: 0
      weightedMode: 0
      inWeight: 0.33333334
      outWeight: 0.33333334
    m_PreInfinity: 2
    m_PostInfinity: 2
    m_RotationOrder: 0
--- !u!1 &872084327
GameObject:
  m_ObjectHideFlags: 0
  m_CorrespondingSourceObject: {fileID: 1000011276161628, guid: aa3fe542422362540af0033688d76bef,
    type: 2}
  m_PrefabInternal: {fileID: 19601999}
  serializedVersion: 6
  m_Component:
  - component: {fileID: 872084328}
  m_Layer: 0
  m_Name: Bone009
  m_TagString: Untagged
  m_Icon: {fileID: 0}
  m_NavMeshLayer: 0
  m_StaticEditorFlags: 0
  m_IsActive: 1
--- !u!4 &872084328
Transform:
  m_ObjectHideFlags: 0
  m_CorrespondingSourceObject: {fileID: 4000012348564288, guid: aa3fe542422362540af0033688d76bef,
    type: 2}
  m_PrefabInternal: {fileID: 19601999}
  m_GameObject: {fileID: 872084327}
  m_LocalRotation: {x: -0.09921224, y: -0.12449226, z: -0.5384879, w: 0.82745963}
  m_LocalPosition: {x: -0.5043358, y: -0.00000014305115, z: 0.00000009536743}
  m_LocalScale: {x: 0.99999976, y: 1.0000004, z: 1.0000002}
  m_Children:
  - {fileID: 959047382}
  m_Father: {fileID: 2100501814}
  m_RootOrder: 0
  m_LocalEulerAnglesHint: {x: 0, y: 0, z: 0}
--- !u!1 &883069526
GameObject:
  m_ObjectHideFlags: 0
  m_CorrespondingSourceObject: {fileID: 1000014023517670, guid: aa3fe542422362540af0033688d76bef,
    type: 2}
  m_PrefabInternal: {fileID: 19601999}
  serializedVersion: 6
  m_Component:
  - component: {fileID: 883069527}
  m_Layer: 0
  m_Name: Bip002 L UpperArm
  m_TagString: Untagged
  m_Icon: {fileID: 0}
  m_NavMeshLayer: 0
  m_StaticEditorFlags: 0
  m_IsActive: 1
--- !u!4 &883069527
Transform:
  m_ObjectHideFlags: 0
  m_CorrespondingSourceObject: {fileID: 4000013025339014, guid: aa3fe542422362540af0033688d76bef,
    type: 2}
  m_PrefabInternal: {fileID: 19601999}
  m_GameObject: {fileID: 883069526}
  m_LocalRotation: {x: -0.43905455, y: -0.5288797, z: 0.31186092, w: 0.65594214}
  m_LocalPosition: {x: -0.0912076, y: 0.000000047683717, z: 0.000000047683717}
  m_LocalScale: {x: 1, y: 1.0000001, z: 1}
  m_Children:
  - {fileID: 1080345370}
  m_Father: {fileID: 2107559429}
  m_RootOrder: 0
  m_LocalEulerAnglesHint: {x: 0, y: 0, z: 0}
--- !u!1 &943407601
GameObject:
  m_ObjectHideFlags: 0
  m_CorrespondingSourceObject: {fileID: 1000014152141642, guid: aa3fe542422362540af0033688d76bef,
    type: 2}
  m_PrefabInternal: {fileID: 19601999}
  serializedVersion: 6
  m_Component:
  - component: {fileID: 943407602}
  m_Layer: 0
  m_Name: Bip002 L Foot
  m_TagString: Untagged
  m_Icon: {fileID: 0}
  m_NavMeshLayer: 0
  m_StaticEditorFlags: 0
  m_IsActive: 1
--- !u!4 &943407602
Transform:
  m_ObjectHideFlags: 0
  m_CorrespondingSourceObject: {fileID: 4000013514776894, guid: aa3fe542422362540af0033688d76bef,
    type: 2}
  m_PrefabInternal: {fileID: 19601999}
  m_GameObject: {fileID: 943407601}
  m_LocalRotation: {x: 0.0038023558, y: 0.029731171, z: 0.30143642, w: 0.9530151}
  m_LocalPosition: {x: -0.15995215, y: -0.0000000059604646, z: -0.000000011920929}
  m_LocalScale: {x: 1.0000001, y: 1.0000001, z: 1}
  m_Children:
  - {fileID: 1637883103}
  m_Father: {fileID: 247214658}
  m_RootOrder: 0
  m_LocalEulerAnglesHint: {x: 0, y: 0, z: 0}
--- !u!1 &956978221
GameObject:
  m_ObjectHideFlags: 0
  m_CorrespondingSourceObject: {fileID: 1000010658264062, guid: aa3fe542422362540af0033688d76bef,
    type: 2}
  m_PrefabInternal: {fileID: 19601999}
  serializedVersion: 6
  m_Component:
  - component: {fileID: 956978222}
  m_Layer: 0
  m_Name: Bone011
  m_TagString: Untagged
  m_Icon: {fileID: 0}
  m_NavMeshLayer: 0
  m_StaticEditorFlags: 0
  m_IsActive: 1
--- !u!4 &956978222
Transform:
  m_ObjectHideFlags: 0
  m_CorrespondingSourceObject: {fileID: 4000011536893084, guid: aa3fe542422362540af0033688d76bef,
    type: 2}
  m_PrefabInternal: {fileID: 19601999}
  m_GameObject: {fileID: 956978221}
  m_LocalRotation: {x: 0.015803903, y: -0.06905126, z: -0.16528444, w: 0.9836988}
  m_LocalPosition: {x: -0.5313209, y: -0.00000009536743, z: -0.0000002861023}
  m_LocalScale: {x: 0.99999994, y: 1, z: 1.0000004}
  m_Children:
  - {fileID: 33161155}
  m_Father: {fileID: 959047382}
  m_RootOrder: 0
  m_LocalEulerAnglesHint: {x: 0, y: 0, z: 0}
--- !u!1 &959047381
GameObject:
  m_ObjectHideFlags: 0
  m_CorrespondingSourceObject: {fileID: 1000012669932700, guid: aa3fe542422362540af0033688d76bef,
    type: 2}
  m_PrefabInternal: {fileID: 19601999}
  serializedVersion: 6
  m_Component:
  - component: {fileID: 959047382}
  m_Layer: 0
  m_Name: Bone010
  m_TagString: Untagged
  m_Icon: {fileID: 0}
  m_NavMeshLayer: 0
  m_StaticEditorFlags: 0
  m_IsActive: 1
--- !u!4 &959047382
Transform:
  m_ObjectHideFlags: 0
  m_CorrespondingSourceObject: {fileID: 4000010774151502, guid: aa3fe542422362540af0033688d76bef,
    type: 2}
  m_PrefabInternal: {fileID: 19601999}
  m_GameObject: {fileID: 959047381}
  m_LocalRotation: {x: -0.0003870441, y: -0.16733624, z: -0.17490858, w: 0.9702605}
  m_LocalPosition: {x: -0.8333637, y: -0.0000015258789, z: 0.00000009536743}
  m_LocalScale: {x: 0.99999994, y: 0.9999995, z: 0.9999994}
  m_Children:
  - {fileID: 956978222}
  m_Father: {fileID: 872084328}
  m_RootOrder: 0
  m_LocalEulerAnglesHint: {x: 0, y: 0, z: 0}
--- !u!1 &977223185
GameObject:
  m_ObjectHideFlags: 0
  m_CorrespondingSourceObject: {fileID: 1000011606605812, guid: aa3fe542422362540af0033688d76bef,
    type: 2}
  m_PrefabInternal: {fileID: 19601999}
  serializedVersion: 6
  m_Component:
  - component: {fileID: 977223186}
  m_Layer: 0
  m_Name: Bip002 Spine
  m_TagString: Untagged
  m_Icon: {fileID: 0}
  m_NavMeshLayer: 0
  m_StaticEditorFlags: 0
  m_IsActive: 1
--- !u!4 &977223186
Transform:
  m_ObjectHideFlags: 0
  m_CorrespondingSourceObject: {fileID: 4000011690326974, guid: aa3fe542422362540af0033688d76bef,
    type: 2}
  m_PrefabInternal: {fileID: 19601999}
  m_GameObject: {fileID: 977223185}
  m_LocalRotation: {x: -0.0000021150327, y: 0.00000073031106, z: -0.05473075, w: 0.9985012}
  m_LocalPosition: {x: -0.16063885, y: -0.028388215, z: 0.00000033399994}
  m_LocalScale: {x: 1, y: 1, z: 1}
  m_Children:
  - {fileID: 1337026288}
  - {fileID: 1647591911}
  - {fileID: 78523059}
  m_Father: {fileID: 1051532722}
  m_RootOrder: 2
  m_LocalEulerAnglesHint: {x: 0, y: 0, z: 0}
--- !u!1 &1002916280
GameObject:
  m_ObjectHideFlags: 0
  m_CorrespondingSourceObject: {fileID: 1000013003818848, guid: aa3fe542422362540af0033688d76bef,
    type: 2}
  m_PrefabInternal: {fileID: 19601999}
  serializedVersion: 6
  m_Component:
  - component: {fileID: 1002916281}
  m_Layer: 0
  m_Name: HR
  m_TagString: Untagged
  m_Icon: {fileID: 0}
  m_NavMeshLayer: 0
  m_StaticEditorFlags: 0
  m_IsActive: 1
--- !u!4 &1002916281
Transform:
  m_ObjectHideFlags: 0
  m_CorrespondingSourceObject: {fileID: 4000013921974242, guid: aa3fe542422362540af0033688d76bef,
    type: 2}
  m_PrefabInternal: {fileID: 19601999}
  m_GameObject: {fileID: 1002916280}
  m_LocalRotation: {x: -0.00000025075866, y: -0.00000024650947, z: -6.1814384e-14,
    w: 1}
  m_LocalPosition: {x: -0.06604858, y: -0.008199835, z: 0.0024365664}
  m_LocalScale: {x: 0.9999999, y: 0.9999998, z: 1.0000001}
  m_Children: []
  m_Father: {fileID: 822805720}
  m_RootOrder: 1
  m_LocalEulerAnglesHint: {x: 0, y: 0, z: 0}
--- !u!1 &1029643951
GameObject:
  m_ObjectHideFlags: 0
  m_CorrespondingSourceObject: {fileID: 1000010877370024, guid: aa3fe542422362540af0033688d76bef,
    type: 2}
  m_PrefabInternal: {fileID: 19601999}
  serializedVersion: 6
  m_Component:
  - component: {fileID: 1029643952}
  - component: {fileID: 1029643953}
  m_Layer: 0
  m_Name: molong
  m_TagString: Untagged
  m_Icon: {fileID: 0}
  m_NavMeshLayer: 0
  m_StaticEditorFlags: 0
  m_IsActive: 1
--- !u!4 &1029643952
Transform:
  m_ObjectHideFlags: 0
  m_CorrespondingSourceObject: {fileID: 4000013281901442, guid: aa3fe542422362540af0033688d76bef,
    type: 2}
  m_PrefabInternal: {fileID: 19601999}
  m_GameObject: {fileID: 1029643951}
  m_LocalRotation: {x: -0.7071068, y: 0, z: -0, w: 0.7071068}
  m_LocalPosition: {x: -0, y: 0, z: 0}
  m_LocalScale: {x: 1, y: 1, z: 1}
  m_Children: []
  m_Father: {fileID: 1568307898}
  m_RootOrder: 2
  m_LocalEulerAnglesHint: {x: 0, y: 0, z: 0}
--- !u!137 &1029643953
SkinnedMeshRenderer:
  m_ObjectHideFlags: 0
  m_CorrespondingSourceObject: {fileID: 137000011445950866, guid: aa3fe542422362540af0033688d76bef,
    type: 2}
  m_PrefabInternal: {fileID: 19601999}
  m_GameObject: {fileID: 1029643951}
  m_Enabled: 1
  m_CastShadows: 1
  m_ReceiveShadows: 1
  m_DynamicOccludee: 1
  m_MotionVectors: 1
  m_LightProbeUsage: 1
  m_ReflectionProbeUsage: 1
  m_RenderingLayerMask: 4294967295
  m_Materials:
  - {fileID: 2100000, guid: 25b20647360e77a4dbc1149874b54548, type: 2}
  m_StaticBatchInfo:
    firstSubMesh: 0
    subMeshCount: 0
  m_StaticBatchRoot: {fileID: 0}
  m_ProbeAnchor: {fileID: 0}
  m_LightProbeVolumeOverride: {fileID: 0}
  m_ScaleInLightmap: 1
  m_PreserveUVs: 0
  m_IgnoreNormalsForChartDetection: 0
  m_ImportantGI: 0
  m_StitchLightmapSeams: 0
  m_SelectedEditorRenderState: 3
  m_MinimumChartSize: 4
  m_AutoUVMaxDistance: 0.5
  m_AutoUVMaxAngle: 89
  m_LightmapParameters: {fileID: 0}
  m_SortingLayerID: 0
  m_SortingLayer: 0
  m_SortingOrder: 0
  serializedVersion: 2
  m_Quality: 0
  m_UpdateWhenOffscreen: 0
  m_SkinnedMotionVectors: 1
  m_Mesh: {fileID: 4300000, guid: c89ac7653007fce42813874c0efb2615, type: 3}
  m_Bones:
  - {fileID: 977223186}
  - {fileID: 1337026288}
  - {fileID: 802830863}
  - {fileID: 78523059}
  - {fileID: 1647591911}
  - {fileID: 883069527}
  - {fileID: 740360167}
  - {fileID: 1080345370}
  - {fileID: 1051532722}
  - {fileID: 1586025047}
  - {fileID: 328201472}
  - {fileID: 1166501380}
  - {fileID: 621324712}
  - {fileID: 389766711}
  - {fileID: 41583753}
  - {fileID: 249784048}
  - {fileID: 2018338134}
  - {fileID: 755250284}
  - {fileID: 547782264}
  - {fileID: 758873208}
  - {fileID: 643725399}
  - {fileID: 686078330}
  - {fileID: 1101629217}
  - {fileID: 2107559429}
  - {fileID: 502429908}
  - {fileID: 1924358911}
  - {fileID: 247214658}
  - {fileID: 943407602}
  - {fileID: 1637883103}
  - {fileID: 198857481}
  - {fileID: 2100501814}
  - {fileID: 872084328}
  - {fileID: 956978222}
  - {fileID: 959047382}
  - {fileID: 33161155}
  - {fileID: 1953481378}
  - {fileID: 181493340}
  - {fileID: 765639002}
  - {fileID: 1155936431}
  - {fileID: 133113326}
  - {fileID: 107226641}
  - {fileID: 822805720}
  - {fileID: 1379708059}
  - {fileID: 2078342341}
  - {fileID: 36006409}
  - {fileID: 663405192}
  - {fileID: 119679152}
  - {fileID: 64201431}
  - {fileID: 1178363609}
  - {fileID: 1209864879}
  - {fileID: 1880006525}
  m_BlendShapeWeights: []
  m_RootBone: {fileID: 1051532722}
  m_AABB:
    m_Center: {x: 0.6131604, y: -0.13349211, z: 0.000012040138}
    m_Extent: {x: 1.8064024, y: 0.92363584, z: 2.09093}
  m_DirtyAABB: 0
--- !u!1 &1051532721
GameObject:
  m_ObjectHideFlags: 0
  m_CorrespondingSourceObject: {fileID: 1000011546572454, guid: aa3fe542422362540af0033688d76bef,
    type: 2}
  m_PrefabInternal: {fileID: 19601999}
  serializedVersion: 6
  m_Component:
  - component: {fileID: 1051532722}
  m_Layer: 0
  m_Name: Bip002 Pelvis
  m_TagString: Untagged
  m_Icon: {fileID: 0}
  m_NavMeshLayer: 0
  m_StaticEditorFlags: 0
  m_IsActive: 1
--- !u!4 &1051532722
Transform:
  m_ObjectHideFlags: 0
  m_CorrespondingSourceObject: {fileID: 4000012373380072, guid: aa3fe542422362540af0033688d76bef,
    type: 2}
  m_PrefabInternal: {fileID: 19601999}
  m_GameObject: {fileID: 1051532721}
  m_LocalRotation: {x: -0.49999967, y: 0.50000036, z: 0.49999967, w: 0.50000036}
  m_LocalPosition: {x: -0, y: 0, z: 0}
  m_LocalScale: {x: 1, y: 1, z: 1}
  m_Children:
  - {fileID: 1586025047}
  - {fileID: 328201472}
  - {fileID: 977223186}
  - {fileID: 1166501380}
  m_Father: {fileID: 447963696}
  m_RootOrder: 1
  m_LocalEulerAnglesHint: {x: 0, y: 0, z: 0}
--- !u!1 &1060249940
GameObject:
  m_ObjectHideFlags: 0
  m_CorrespondingSourceObject: {fileID: 0}
  m_PrefabInternal: {fileID: 0}
  serializedVersion: 6
  m_Component:
  - component: {fileID: 1060249942}
  - component: {fileID: 1060249941}
  m_Layer: 0
  m_Name: Directional Light (1)
  m_TagString: Untagged
  m_Icon: {fileID: 0}
  m_NavMeshLayer: 0
  m_StaticEditorFlags: 0
  m_IsActive: 1
--- !u!108 &1060249941
Light:
  m_ObjectHideFlags: 0
  m_CorrespondingSourceObject: {fileID: 0}
  m_PrefabInternal: {fileID: 0}
  m_GameObject: {fileID: 1060249940}
  m_Enabled: 1
  serializedVersion: 8
  m_Type: 1
  m_Color: {r: 1, g: 1, b: 1, a: 1}
  m_Intensity: 2
  m_Range: 10
  m_SpotAngle: 30
  m_CookieSize: 10
  m_Shadows:
    m_Type: 2
    m_Resolution: -1
    m_CustomResolution: -1
    m_Strength: 1
    m_Bias: 0.05
    m_NormalBias: 0.4
    m_NearPlane: 0.2
  m_Cookie: {fileID: 0}
  m_DrawHalo: 0
  m_Flare: {fileID: 0}
  m_RenderMode: 0
  m_CullingMask:
    serializedVersion: 2
    m_Bits: 4294967295
  m_Lightmapping: 4
  m_LightShadowCasterMode: 0
  m_AreaSize: {x: 1, y: 1}
  m_BounceIntensity: 1
  m_ColorTemperature: 6570
  m_UseColorTemperature: 0
  m_ShadowRadius: 0
  m_ShadowAngle: 0
--- !u!4 &1060249942
Transform:
  m_ObjectHideFlags: 0
  m_CorrespondingSourceObject: {fileID: 0}
  m_PrefabInternal: {fileID: 0}
  m_GameObject: {fileID: 1060249940}
  m_LocalRotation: {x: -0.29935706, y: -0.6397375, z: 0.29831448, w: -0.6419734}
  m_LocalPosition: {x: 0, y: 3, z: 0}
  m_LocalScale: {x: 1, y: 1, z: 1}
  m_Children: []
  m_Father: {fileID: 0}
  m_RootOrder: 2
  m_LocalEulerAnglesHint: {x: 50, y: -990.2, z: 0}
--- !u!1 &1080345369
GameObject:
  m_ObjectHideFlags: 0
  m_CorrespondingSourceObject: {fileID: 1000012950019810, guid: aa3fe542422362540af0033688d76bef,
    type: 2}
  m_PrefabInternal: {fileID: 19601999}
  serializedVersion: 6
  m_Component:
  - component: {fileID: 1080345370}
  m_Layer: 0
  m_Name: Bip002 L Forearm
  m_TagString: Untagged
  m_Icon: {fileID: 0}
  m_NavMeshLayer: 0
  m_StaticEditorFlags: 0
  m_IsActive: 1
--- !u!4 &1080345370
Transform:
  m_ObjectHideFlags: 0
  m_CorrespondingSourceObject: {fileID: 4000011963629966, guid: aa3fe542422362540af0033688d76bef,
    type: 2}
  m_PrefabInternal: {fileID: 19601999}
  m_GameObject: {fileID: 1080345369}
  m_LocalRotation: {x: 0.0000000051939426, y: 0.0000000020610624, z: 0.3688415, w: 0.9294923}
  m_LocalPosition: {x: -0.27400485, y: 0.000000047683717, z: 0.000000023841858}
  m_LocalScale: {x: 1.0000001, y: 1.0000001, z: 1}
  m_Children:
  - {fileID: 502429908}
  m_Father: {fileID: 883069527}
  m_RootOrder: 0
  m_LocalEulerAnglesHint: {x: 0, y: 0, z: 0}
--- !u!1 &1101629216
GameObject:
  m_ObjectHideFlags: 0
  m_CorrespondingSourceObject: {fileID: 1000014035340134, guid: aa3fe542422362540af0033688d76bef,
    type: 2}
  m_PrefabInternal: {fileID: 19601999}
  serializedVersion: 6
  m_Component:
  - component: {fileID: 1101629217}
  m_Layer: 0
  m_Name: Bone016
  m_TagString: Untagged
  m_Icon: {fileID: 0}
  m_NavMeshLayer: 0
  m_StaticEditorFlags: 0
  m_IsActive: 1
--- !u!4 &1101629217
Transform:
  m_ObjectHideFlags: 0
  m_CorrespondingSourceObject: {fileID: 4000014063717480, guid: aa3fe542422362540af0033688d76bef,
    type: 2}
  m_PrefabInternal: {fileID: 19601999}
  m_GameObject: {fileID: 1101629216}
  m_LocalRotation: {x: 0, y: -0, z: -0, w: 1}
  m_LocalPosition: {x: -0.2185084, y: 0, z: -0.000000023298231}
  m_LocalScale: {x: 1, y: 1, z: 1}
  m_Children: []
  m_Father: {fileID: 249784048}
  m_RootOrder: 0
  m_LocalEulerAnglesHint: {x: 0, y: 0, z: 0}
--- !u!1 &1145792786
GameObject:
  m_ObjectHideFlags: 0
  m_CorrespondingSourceObject: {fileID: 1000012649953578, guid: aa3fe542422362540af0033688d76bef,
    type: 2}
  m_PrefabInternal: {fileID: 19601999}
  serializedVersion: 6
  m_Component:
  - component: {fileID: 1145792787}
  m_Layer: 0
  m_Name: Bip002 Footsteps
  m_TagString: Untagged
  m_Icon: {fileID: 0}
  m_NavMeshLayer: 0
  m_StaticEditorFlags: 0
  m_IsActive: 1
--- !u!4 &1145792787
Transform:
  m_ObjectHideFlags: 0
  m_CorrespondingSourceObject: {fileID: 4000012043797108, guid: aa3fe542422362540af0033688d76bef,
    type: 2}
  m_PrefabInternal: {fileID: 19601999}
  m_GameObject: {fileID: 1145792786}
  m_LocalRotation: {x: -0.4679033, y: 0.46790263, z: -0.530157, w: 0.5301577}
  m_LocalPosition: {x: -0.57560575, y: -0.00000079769524, z: -0.0720877}
  m_LocalScale: {x: 1, y: 1, z: 1}
  m_Children: []
  m_Father: {fileID: 447963696}
  m_RootOrder: 0
  m_LocalEulerAnglesHint: {x: 0, y: 0, z: 0}
--- !u!1 &1155936430
GameObject:
  m_ObjectHideFlags: 0
  m_CorrespondingSourceObject: {fileID: 1000011604666018, guid: aa3fe542422362540af0033688d76bef,
    type: 2}
  m_PrefabInternal: {fileID: 19601999}
  serializedVersion: 6
  m_Component:
  - component: {fileID: 1155936431}
  m_Layer: 0
  m_Name: Bip002 R Clavicle
  m_TagString: Untagged
  m_Icon: {fileID: 0}
  m_NavMeshLayer: 0
  m_StaticEditorFlags: 0
  m_IsActive: 1
--- !u!4 &1155936431
Transform:
  m_ObjectHideFlags: 0
  m_CorrespondingSourceObject: {fileID: 4000013693770742, guid: aa3fe542422362540af0033688d76bef,
    type: 2}
  m_PrefabInternal: {fileID: 19601999}
  m_GameObject: {fileID: 1155936430}
  m_LocalRotation: {x: 0.54321843, y: -0.45267537, z: 0.59435266, w: 0.3830713}
  m_LocalPosition: {x: 0.28830743, y: 0.00065398216, z: -0.082604736}
  m_LocalScale: {x: 1, y: 0.99999994, z: 0.99999994}
  m_Children:
  - {fileID: 740360167}
  m_Father: {fileID: 802830863}
  m_RootOrder: 2
  m_LocalEulerAnglesHint: {x: 0, y: 0, z: 0}
--- !u!1 &1166501379
GameObject:
  m_ObjectHideFlags: 0
  m_CorrespondingSourceObject: {fileID: 1000012847950890, guid: aa3fe542422362540af0033688d76bef,
    type: 2}
  m_PrefabInternal: {fileID: 19601999}
  serializedVersion: 6
  m_Component:
  - component: {fileID: 1166501380}
  m_Layer: 0
  m_Name: Bone001
  m_TagString: Untagged
  m_Icon: {fileID: 0}
  m_NavMeshLayer: 0
  m_StaticEditorFlags: 0
  m_IsActive: 1
--- !u!4 &1166501380
Transform:
  m_ObjectHideFlags: 0
  m_CorrespondingSourceObject: {fileID: 4000010209735028, guid: aa3fe542422362540af0033688d76bef,
    type: 2}
  m_PrefabInternal: {fileID: 19601999}
  m_GameObject: {fileID: 1166501379}
  m_LocalRotation: {x: -0.09649229, y: 0.99533373, z: -0.0000012899015, w: -0.0000008856674}
  m_LocalPosition: {x: 0.12214246, y: 0.009730035, z: 0.000014829636}
  m_LocalScale: {x: 1.0000001, y: 1.0000001, z: 1}
  m_Children:
  - {fileID: 389766711}
  m_Father: {fileID: 1051532722}
  m_RootOrder: 3
  m_LocalEulerAnglesHint: {x: 0, y: 0, z: 0}
--- !u!1 &1178363608
GameObject:
  m_ObjectHideFlags: 0
  m_CorrespondingSourceObject: {fileID: 1000011953181688, guid: aa3fe542422362540af0033688d76bef,
    type: 2}
  m_PrefabInternal: {fileID: 19601999}
  serializedVersion: 6
  m_Component:
  - component: {fileID: 1178363609}
  m_Layer: 0
  m_Name: Bone010(mirrored)
  m_TagString: Untagged
  m_Icon: {fileID: 0}
  m_NavMeshLayer: 0
  m_StaticEditorFlags: 0
  m_IsActive: 1
--- !u!4 &1178363609
Transform:
  m_ObjectHideFlags: 0
  m_CorrespondingSourceObject: {fileID: 4000012219154602, guid: aa3fe542422362540af0033688d76bef,
    type: 2}
  m_PrefabInternal: {fileID: 19601999}
  m_GameObject: {fileID: 1178363608}
  m_LocalRotation: {x: 0.0003869115, y: -0.16733602, z: 0.17490876, w: 0.9702605}
  m_LocalPosition: {x: -0.83336365, y: 0.0000017166138, z: 0.00000009536743}
  m_LocalScale: {x: 0.99999994, y: 1.0000002, z: 0.99999994}
  m_Children:
  - {fileID: 64201431}
  m_Father: {fileID: 119679152}
  m_RootOrder: 0
  m_LocalEulerAnglesHint: {x: 0, y: 0, z: 0}
--- !u!1 &1209864878
GameObject:
  m_ObjectHideFlags: 0
  m_CorrespondingSourceObject: {fileID: 1000013249425682, guid: aa3fe542422362540af0033688d76bef,
    type: 2}
  m_PrefabInternal: {fileID: 19601999}
  serializedVersion: 6
  m_Component:
  - component: {fileID: 1209864879}
  m_Layer: 0
  m_Name: Bone012(mirrored)
  m_TagString: Untagged
  m_Icon: {fileID: 0}
  m_NavMeshLayer: 0
  m_StaticEditorFlags: 0
  m_IsActive: 1
--- !u!4 &1209864879
Transform:
  m_ObjectHideFlags: 0
  m_CorrespondingSourceObject: {fileID: 4000013695650200, guid: aa3fe542422362540af0033688d76bef,
    type: 2}
  m_PrefabInternal: {fileID: 19601999}
  m_GameObject: {fileID: 1209864878}
  m_LocalRotation: {x: -0.00000023841864, y: 0.00000023841852, z: 0.00000023841864,
    w: 1}
  m_LocalPosition: {x: -0.7466219, y: -0.000000667572, z: 0.00000023841858}
  m_LocalScale: {x: 1, y: 0.9999999, z: 0.9999997}
  m_Children: []
  m_Father: {fileID: 64201431}
  m_RootOrder: 0
  m_LocalEulerAnglesHint: {x: 0, y: 0, z: 0}
--- !u!1 &1299306337
GameObject:
  m_ObjectHideFlags: 0
  m_CorrespondingSourceObject: {fileID: 1000011127698018, guid: aa3fe542422362540af0033688d76bef,
    type: 2}
  m_PrefabInternal: {fileID: 19601999}
  serializedVersion: 6
  m_Component:
  - component: {fileID: 1299306338}
  m_Layer: 0
  m_Name: Bip002 R Finger0Nub
  m_TagString: Untagged
  m_Icon: {fileID: 0}
  m_NavMeshLayer: 0
  m_StaticEditorFlags: 0
  m_IsActive: 1
--- !u!4 &1299306338
Transform:
  m_ObjectHideFlags: 0
  m_CorrespondingSourceObject: {fileID: 4000014263319296, guid: aa3fe542422362540af0033688d76bef,
    type: 2}
  m_PrefabInternal: {fileID: 19601999}
  m_GameObject: {fileID: 1299306337}
  m_LocalRotation: {x: 0.000000001222361, y: 0.0000000011641533, z: 1, w: -6.265536e-17}
  m_LocalPosition: {x: -0.16848789, y: 0, z: -0.000000023841858}
  m_LocalScale: {x: -0.99999994, y: -1, z: -1}
  m_Children: []
  m_Father: {fileID: 822805720}
  m_RootOrder: 0
  m_LocalEulerAnglesHint: {x: 0, y: 0, z: 0}
--- !u!1 &1337026287
GameObject:
  m_ObjectHideFlags: 0
  m_CorrespondingSourceObject: {fileID: 1000012600131044, guid: aa3fe542422362540af0033688d76bef,
    type: 2}
  m_PrefabInternal: {fileID: 19601999}
  serializedVersion: 6
  m_Component:
  - component: {fileID: 1337026288}
  m_Layer: 0
  m_Name: Bip002 Spine1
  m_TagString: Untagged
  m_Icon: {fileID: 0}
  m_NavMeshLayer: 0
  m_StaticEditorFlags: 0
  m_IsActive: 1
--- !u!4 &1337026288
Transform:
  m_ObjectHideFlags: 0
  m_CorrespondingSourceObject: {fileID: 4000013300875620, guid: aa3fe542422362540af0033688d76bef,
    type: 2}
  m_PrefabInternal: {fileID: 19601999}
  m_GameObject: {fileID: 1337026287}
  m_LocalRotation: {x: -1.1263927e-13, y: -0.00000010560448, z: 0.038074873, w: 0.9992749}
  m_LocalPosition: {x: -0.27781802, y: -0.00032782555, z: -9.0803953e-10}
  m_LocalScale: {x: 1.0000001, y: 1.0000001, z: 1}
  m_Children:
  - {fileID: 802830863}
  - {fileID: 264912258}
  m_Father: {fileID: 977223186}
  m_RootOrder: 0
  m_LocalEulerAnglesHint: {x: 0, y: 0, z: 0}
--- !u!1 &1379708058
GameObject:
  m_ObjectHideFlags: 0
  m_CorrespondingSourceObject: {fileID: 1000012487443840, guid: aa3fe542422362540af0033688d76bef,
    type: 2}
  m_PrefabInternal: {fileID: 19601999}
  serializedVersion: 6
  m_Component:
  - component: {fileID: 1379708059}
  m_Layer: 0
  m_Name: Bip002 R Foot
  m_TagString: Untagged
  m_Icon: {fileID: 0}
  m_NavMeshLayer: 0
  m_StaticEditorFlags: 0
  m_IsActive: 1
--- !u!4 &1379708059
Transform:
  m_ObjectHideFlags: 0
  m_CorrespondingSourceObject: {fileID: 4000011125949440, guid: aa3fe542422362540af0033688d76bef,
    type: 2}
  m_PrefabInternal: {fileID: 19601999}
  m_GameObject: {fileID: 1379708058}
  m_LocalRotation: {x: -0.003802273, y: -0.029731203, z: 0.30143645, w: 0.9530151}
  m_LocalPosition: {x: -0.15995218, y: -0.0000000029802323, z: 0.000000011920929}
  m_LocalScale: {x: 1.0000001, y: 1, z: 1}
  m_Children:
  - {fileID: 2078342341}
  m_Father: {fileID: 181493340}
  m_RootOrder: 0
  m_LocalEulerAnglesHint: {x: 0, y: 0, z: 0}
--- !u!1 &1568307895
GameObject:
  m_ObjectHideFlags: 0
  m_CorrespondingSourceObject: {fileID: 1000010211442814, guid: aa3fe542422362540af0033688d76bef,
    type: 2}
  m_PrefabInternal: {fileID: 19601999}
  serializedVersion: 6
  m_Component:
  - component: {fileID: 1568307898}
  - component: {fileID: 1568307897}
  - component: {fileID: 1568307896}
  m_Layer: 0
  m_Name: DarkDragon
  m_TagString: Untagged
  m_Icon: {fileID: 0}
  m_NavMeshLayer: 0
  m_StaticEditorFlags: 0
  m_IsActive: 1
--- !u!64 &1568307896
MeshCollider:
  m_ObjectHideFlags: 0
  m_CorrespondingSourceObject: {fileID: 64000010105077394, guid: aa3fe542422362540af0033688d76bef,
    type: 2}
  m_PrefabInternal: {fileID: 19601999}
  m_GameObject: {fileID: 1568307895}
  m_Material: {fileID: 0}
  m_IsTrigger: 0
  m_Enabled: 1
  serializedVersion: 3
  m_Convex: 1
  m_CookingOptions: 14
  m_SkinWidth: 0.01
  m_Mesh: {fileID: 0}
--- !u!95 &1568307897
Animator:
  serializedVersion: 3
  m_ObjectHideFlags: 0
  m_CorrespondingSourceObject: {fileID: 95000011534117678, guid: aa3fe542422362540af0033688d76bef,
    type: 2}
  m_PrefabInternal: {fileID: 19601999}
  m_GameObject: {fileID: 1568307895}
  m_Enabled: 1
  m_Avatar: {fileID: 9000000, guid: c89ac7653007fce42813874c0efb2615, type: 3}
  m_Controller: {fileID: 9100000, guid: 7f07caea363085243881c137649eb009, type: 2}
  m_CullingMode: 1
  m_UpdateMode: 0
  m_ApplyRootMotion: 0
  m_LinearVelocityBlending: 0
  m_WarningMessage: 
  m_HasTransformHierarchy: 1
  m_AllowConstantClipSamplingOptimization: 1
  m_KeepAnimatorControllerStateOnDisable: 0
--- !u!4 &1568307898
Transform:
  m_ObjectHideFlags: 0
  m_CorrespondingSourceObject: {fileID: 4000011309628076, guid: aa3fe542422362540af0033688d76bef,
    type: 2}
  m_PrefabInternal: {fileID: 19601999}
  m_GameObject: {fileID: 1568307895}
  m_LocalRotation: {x: 0, y: -0.6809126, z: 0, w: 0.73236465}
  m_LocalPosition: {x: 0, y: 0, z: 0}
  m_LocalScale: {x: 1, y: 1, z: 1}
  m_Children:
  - {fileID: 1584527753}
  - {fileID: 447963696}
  - {fileID: 1029643952}
  m_Father: {fileID: 0}
  m_RootOrder: 3
  m_LocalEulerAnglesHint: {x: 0, y: -85.83, z: 0}
--- !u!1 &1584527752
GameObject:
  m_ObjectHideFlags: 0
  m_CorrespondingSourceObject: {fileID: 1000011897116596, guid: aa3fe542422362540af0033688d76bef,
    type: 2}
  m_PrefabInternal: {fileID: 19601999}
  serializedVersion: 6
  m_Component:
  - component: {fileID: 1584527753}
  m_Layer: 0
  m_Name: Bip01
  m_TagString: Untagged
  m_Icon: {fileID: 0}
  m_NavMeshLayer: 0
  m_StaticEditorFlags: 0
  m_IsActive: 1
--- !u!4 &1584527753
Transform:
  m_ObjectHideFlags: 0
  m_CorrespondingSourceObject: {fileID: 4000012876308686, guid: aa3fe542422362540af0033688d76bef,
    type: 2}
  m_PrefabInternal: {fileID: 19601999}
  m_GameObject: {fileID: 1584527752}
  m_LocalRotation: {x: -0.030843038, y: 0.030843621, z: 0.7064332, w: 0.7064344}
  m_LocalPosition: {x: -0, y: 0.6205545, z: 0.048464682}
  m_LocalScale: {x: 1.0000001, y: 1, z: 1.0000001}
  m_Children: []
  m_Father: {fileID: 1568307898}
  m_RootOrder: 0
  m_LocalEulerAnglesHint: {x: 0, y: 0, z: 0}
--- !u!1 &1586025046
GameObject:
  m_ObjectHideFlags: 0
  m_CorrespondingSourceObject: {fileID: 1000011746566706, guid: aa3fe542422362540af0033688d76bef,
    type: 2}
  m_PrefabInternal: {fileID: 19601999}
  serializedVersion: 6
  m_Component:
  - component: {fileID: 1586025047}
  m_Layer: 0
  m_Name: Bip002 L Thigh
  m_TagString: Untagged
  m_Icon: {fileID: 0}
  m_NavMeshLayer: 0
  m_StaticEditorFlags: 0
  m_IsActive: 1
--- !u!4 &1586025047
Transform:
  m_ObjectHideFlags: 0
  m_CorrespondingSourceObject: {fileID: 4000011325944782, guid: aa3fe542422362540af0033688d76bef,
    type: 2}
  m_PrefabInternal: {fileID: 19601999}
  m_GameObject: {fileID: 1586025046}
  m_LocalRotation: {x: 0.79822946, y: -0.6016073, z: -0.011875884, w: -0.027519358}
  m_LocalPosition: {x: 0.00000019073487, y: 0.00000023841858, z: 0.15784685}
  m_LocalScale: {x: 1, y: 1, z: 1}
  m_Children:
  - {fileID: 621324712}
  m_Father: {fileID: 1051532722}
  m_RootOrder: 0
  m_LocalEulerAnglesHint: {x: 0, y: 0, z: 0}
--- !u!1 &1620755810
GameObject:
  m_ObjectHideFlags: 0
  m_CorrespondingSourceObject: {fileID: 1000012200368572, guid: aa3fe542422362540af0033688d76bef,
    type: 2}
  m_PrefabInternal: {fileID: 19601999}
  serializedVersion: 6
  m_Component:
  - component: {fileID: 1620755811}
  m_Layer: 0
  m_Name: FL
  m_TagString: Untagged
  m_Icon: {fileID: 0}
  m_NavMeshLayer: 0
  m_StaticEditorFlags: 0
  m_IsActive: 1
--- !u!4 &1620755811
Transform:
  m_ObjectHideFlags: 0
  m_CorrespondingSourceObject: {fileID: 4000010213963872, guid: aa3fe542422362540af0033688d76bef,
    type: 2}
  m_PrefabInternal: {fileID: 19601999}
  m_GameObject: {fileID: 1620755810}
  m_LocalRotation: {x: -0.0000000067857977, y: -0.000000007342181, z: 0.000000029802326,
    w: 1}
  m_LocalPosition: {x: -0.07316774, y: 0.01801785, z: -0.0025132657}
  m_LocalScale: {x: -0.9999999, y: -0.9999998, z: -1}
  m_Children: []
  m_Father: {fileID: 1637883103}
  m_RootOrder: 1
  m_LocalEulerAnglesHint: {x: 0, y: 0, z: 0}
--- !u!1 &1637883102
GameObject:
  m_ObjectHideFlags: 0
  m_CorrespondingSourceObject: {fileID: 1000011155818298, guid: aa3fe542422362540af0033688d76bef,
    type: 2}
  m_PrefabInternal: {fileID: 19601999}
  serializedVersion: 6
  m_Component:
  - component: {fileID: 1637883103}
  m_Layer: 0
  m_Name: Bip002 L Toe0
  m_TagString: Untagged
  m_Icon: {fileID: 0}
  m_NavMeshLayer: 0
  m_StaticEditorFlags: 0
  m_IsActive: 1
--- !u!4 &1637883103
Transform:
  m_ObjectHideFlags: 0
  m_CorrespondingSourceObject: {fileID: 4000013177237500, guid: aa3fe542422362540af0033688d76bef,
    type: 2}
  m_PrefabInternal: {fileID: 19601999}
  m_GameObject: {fileID: 1637883102}
  m_LocalRotation: {x: 0.000000015454253, y: -0.000000015454253, z: -0.7071068, w: 0.7071068}
  m_LocalPosition: {x: -0.08885207, y: 0.12052419, z: -0.000000011920929}
  m_LocalScale: {x: 1, y: 1, z: 1}
  m_Children:
  - {fileID: 69170142}
  - {fileID: 1620755811}
  m_Father: {fileID: 943407602}
  m_RootOrder: 0
  m_LocalEulerAnglesHint: {x: 0, y: 0, z: 0}
--- !u!1 &1647591910
GameObject:
  m_ObjectHideFlags: 0
  m_CorrespondingSourceObject: {fileID: 1000010088007874, guid: aa3fe542422362540af0033688d76bef,
    type: 2}
  m_PrefabInternal: {fileID: 19601999}
  serializedVersion: 6
  m_Component:
  - component: {fileID: 1647591911}
  m_Layer: 0
  m_Name: Bone007
  m_TagString: Untagged
  m_Icon: {fileID: 0}
  m_NavMeshLayer: 0
  m_StaticEditorFlags: 0
  m_IsActive: 1
--- !u!4 &1647591911
Transform:
  m_ObjectHideFlags: 0
  m_CorrespondingSourceObject: {fileID: 4000012117328482, guid: aa3fe542422362540af0033688d76bef,
    type: 2}
  m_PrefabInternal: {fileID: 19601999}
  m_GameObject: {fileID: 1647591910}
  m_LocalRotation: {x: 0.29164252, y: 0.8170396, z: -0.4668192, w: 0.17167081}
  m_LocalPosition: {x: -0.24127388, y: -0.17474107, z: 0.14138608}
  m_LocalScale: {x: 1.0000001, y: 1.0000001, z: 1.0000001}
  m_Children:
  - {fileID: 2100501814}
  m_Father: {fileID: 977223186}
  m_RootOrder: 1
  m_LocalEulerAnglesHint: {x: 0, y: 0, z: 0}
--- !u!1 &1852609677
GameObject:
  m_ObjectHideFlags: 0
  m_CorrespondingSourceObject: {fileID: 0}
  m_PrefabInternal: {fileID: 0}
  serializedVersion: 6
  m_Component:
  - component: {fileID: 1852609679}
  - component: {fileID: 1852609678}
  m_Layer: 0
  m_Name: Directional Light
  m_TagString: Untagged
  m_Icon: {fileID: 0}
  m_NavMeshLayer: 0
  m_StaticEditorFlags: 0
  m_IsActive: 1
--- !u!108 &1852609678
Light:
  m_ObjectHideFlags: 0
  m_CorrespondingSourceObject: {fileID: 0}
  m_PrefabInternal: {fileID: 0}
  m_GameObject: {fileID: 1852609677}
  m_Enabled: 1
  serializedVersion: 8
  m_Type: 1
  m_Color: {r: 0.875, g: 0.84738165, b: 0.77205884, a: 1}
  m_Intensity: 2.37
  m_Range: 10
  m_SpotAngle: 30
  m_CookieSize: 10
  m_Shadows:
    m_Type: 2
    m_Resolution: -1
    m_CustomResolution: -1
    m_Strength: 1
    m_Bias: 0.05
    m_NormalBias: 0.4
    m_NearPlane: 0.2
  m_Cookie: {fileID: 0}
  m_DrawHalo: 0
  m_Flare: {fileID: 0}
  m_RenderMode: 0
  m_CullingMask:
    serializedVersion: 2
    m_Bits: 4294967295
  m_Lightmapping: 4
  m_LightShadowCasterMode: 0
  m_AreaSize: {x: 1, y: 1}
  m_BounceIntensity: 1
  m_ColorTemperature: 6570
  m_UseColorTemperature: 0
  m_ShadowRadius: 0
  m_ShadowAngle: 0
--- !u!4 &1852609679
Transform:
  m_ObjectHideFlags: 0
  m_CorrespondingSourceObject: {fileID: 0}
  m_PrefabInternal: {fileID: 0}
  m_GameObject: {fileID: 1852609677}
  m_LocalRotation: {x: -0.108312525, y: -0.87603724, z: 0.40850285, w: -0.23227699}
  m_LocalPosition: {x: 0, y: 3, z: 0}
  m_LocalScale: {x: 1, y: 1, z: 1}
  m_Children: []
  m_Father: {fileID: 0}
  m_RootOrder: 1
  m_LocalEulerAnglesHint: {x: 50, y: -929.7, z: 0}
--- !u!1 &1880006524
GameObject:
  m_ObjectHideFlags: 0
  m_CorrespondingSourceObject: {fileID: 1000013314317678, guid: aa3fe542422362540af0033688d76bef,
    type: 2}
  m_PrefabInternal: {fileID: 19601999}
  serializedVersion: 6
  m_Component:
  - component: {fileID: 1880006525}
  m_Layer: 0
  m_Name: Bone014(mirrored)
  m_TagString: Untagged
  m_Icon: {fileID: 0}
  m_NavMeshLayer: 0
  m_StaticEditorFlags: 0
  m_IsActive: 1
--- !u!4 &1880006525
Transform:
  m_ObjectHideFlags: 0
  m_CorrespondingSourceObject: {fileID: 4000013359481306, guid: aa3fe542422362540af0033688d76bef,
    type: 2}
  m_PrefabInternal: {fileID: 19601999}
  m_GameObject: {fileID: 1880006524}
  m_LocalRotation: {x: 0.0000002607704, y: 6.217251e-14, z: 0.00000023841858, w: 1}
  m_LocalPosition: {x: -0.86634153, y: -0.00000038146973, z: -0.00000009536743}
  m_LocalScale: {x: 0.99999994, y: 0.9999995, z: 0.9999997}
  m_Children: []
  m_Father: {fileID: 36006409}
  m_RootOrder: 0
  m_LocalEulerAnglesHint: {x: 0, y: 0, z: 0}
--- !u!1 &1908554192
GameObject:
  m_ObjectHideFlags: 0
  m_CorrespondingSourceObject: {fileID: 1000013137906452, guid: aa3fe542422362540af0033688d76bef,
    type: 2}
  m_PrefabInternal: {fileID: 19601999}
  serializedVersion: 6
  m_Component:
  - component: {fileID: 1908554193}
  m_Layer: 0
  m_Name: HL
  m_TagString: Untagged
  m_Icon: {fileID: 0}
  m_NavMeshLayer: 0
  m_StaticEditorFlags: 0
  m_IsActive: 1
--- !u!4 &1908554193
Transform:
  m_ObjectHideFlags: 0
  m_CorrespondingSourceObject: {fileID: 4000011534144118, guid: aa3fe542422362540af0033688d76bef,
    type: 2}
  m_PrefabInternal: {fileID: 19601999}
  m_GameObject: {fileID: 1908554192}
  m_LocalRotation: {x: -0.000000028871009, y: 0.000000013329557, z: 0.000000059604666,
    w: 1}
  m_LocalPosition: {x: -0.06604862, y: -0.008199739, z: -0.0024365427}
  m_LocalScale: {x: -0.99999964, y: -0.9999997, z: -0.9999998}
  m_Children: []
  m_Father: {fileID: 1924358911}
  m_RootOrder: 1
  m_LocalEulerAnglesHint: {x: 0, y: 0, z: 0}
--- !u!1 &1924358910
GameObject:
  m_ObjectHideFlags: 0
  m_CorrespondingSourceObject: {fileID: 1000013494277634, guid: aa3fe542422362540af0033688d76bef,
    type: 2}
  m_PrefabInternal: {fileID: 19601999}
  serializedVersion: 6
  m_Component:
  - component: {fileID: 1924358911}
  m_Layer: 0
  m_Name: Bip002 L Finger0
  m_TagString: Untagged
  m_Icon: {fileID: 0}
  m_NavMeshLayer: 0
  m_StaticEditorFlags: 0
  m_IsActive: 1
--- !u!4 &1924358911
Transform:
  m_ObjectHideFlags: 0
  m_CorrespondingSourceObject: {fileID: 4000010009768370, guid: aa3fe542422362540af0033688d76bef,
    type: 2}
  m_PrefabInternal: {fileID: 19601999}
  m_GameObject: {fileID: 1924358910}
  m_LocalRotation: {x: -0.0003818217, y: 0.00011288533, z: 0.28351948, w: 0.95896643}
  m_LocalPosition: {x: -0.09655335, y: 0.0001443863, z: -0.0044004917}
  m_LocalScale: {x: 1, y: 1, z: 0.99999994}
  m_Children:
  - {fileID: 283483611}
  - {fileID: 1908554193}
  m_Father: {fileID: 502429908}
  m_RootOrder: 0
  m_LocalEulerAnglesHint: {x: 0, y: 0, z: 0}
--- !u!1 &1953481377
GameObject:
  m_ObjectHideFlags: 0
  m_CorrespondingSourceObject: {fileID: 1000013514226984, guid: aa3fe542422362540af0033688d76bef,
    type: 2}
  m_PrefabInternal: {fileID: 19601999}
  serializedVersion: 6
  m_Component:
  - component: {fileID: 1953481378}
  m_Layer: 0
  m_Name: Bone014
  m_TagString: Untagged
  m_Icon: {fileID: 0}
  m_NavMeshLayer: 0
  m_StaticEditorFlags: 0
  m_IsActive: 1
--- !u!4 &1953481378
Transform:
  m_ObjectHideFlags: 0
  m_CorrespondingSourceObject: {fileID: 4000011811296982, guid: aa3fe542422362540af0033688d76bef,
    type: 2}
  m_PrefabInternal: {fileID: 19601999}
  m_GameObject: {fileID: 1953481377}
  m_LocalRotation: {x: 0, y: -3.5527137e-15, z: -0, w: 1}
  m_LocalPosition: {x: -0.86634153, y: -0.000000047683717, z: -0.00000009536743}
  m_LocalScale: {x: 1, y: 1, z: 1}
  m_Children: []
  m_Father: {fileID: 198857481}
  m_RootOrder: 0
  m_LocalEulerAnglesHint: {x: 0, y: 0, z: 0}
--- !u!1 &2018338133
GameObject:
  m_ObjectHideFlags: 0
  m_CorrespondingSourceObject: {fileID: 1000011025847602, guid: aa3fe542422362540af0033688d76bef,
    type: 2}
  m_PrefabInternal: {fileID: 19601999}
  serializedVersion: 6
  m_Component:
  - component: {fileID: 2018338134}
  m_Layer: 0
  m_Name: Bone017
  m_TagString: Untagged
  m_Icon: {fileID: 0}
  m_NavMeshLayer: 0
  m_StaticEditorFlags: 0
  m_IsActive: 1
--- !u!4 &2018338134
Transform:
  m_ObjectHideFlags: 0
  m_CorrespondingSourceObject: {fileID: 4000012404202900, guid: aa3fe542422362540af0033688d76bef,
    type: 2}
  m_PrefabInternal: {fileID: 19601999}
  m_GameObject: {fileID: 2018338133}
  m_LocalRotation: {x: -0.3675744, y: 0.27343675, z: 0.623038, w: 0.6339915}
  m_LocalPosition: {x: -0.19264135, y: -0.08095789, z: 0.12294531}
  m_LocalScale: {x: 1, y: 0.9999999, z: 1}
  m_Children: []
  m_Father: {fileID: 802830863}
  m_RootOrder: 3
  m_LocalEulerAnglesHint: {x: 0, y: 0, z: 0}
--- !u!1 &2078342340
GameObject:
  m_ObjectHideFlags: 0
  m_CorrespondingSourceObject: {fileID: 1000013157762272, guid: aa3fe542422362540af0033688d76bef,
    type: 2}
  m_PrefabInternal: {fileID: 19601999}
  serializedVersion: 6
  m_Component:
  - component: {fileID: 2078342341}
  m_Layer: 0
  m_Name: Bip002 R Toe0
  m_TagString: Untagged
  m_Icon: {fileID: 0}
  m_NavMeshLayer: 0
  m_StaticEditorFlags: 0
  m_IsActive: 1
--- !u!4 &2078342341
Transform:
  m_ObjectHideFlags: 0
  m_CorrespondingSourceObject: {fileID: 4000012841917116, guid: aa3fe542422362540af0033688d76bef,
    type: 2}
  m_PrefabInternal: {fileID: 19601999}
  m_GameObject: {fileID: 2078342340}
  m_LocalRotation: {x: -0.000000015454333, y: 0.000000015454333, z: -0.7071068, w: 0.7071068}
  m_LocalPosition: {x: -0.08885207, y: 0.12052418, z: -0.000000011920929}
  m_LocalScale: {x: 1, y: 1, z: 1}
  m_Children:
  - {fileID: 168794617}
  - {fileID: 478064009}
  m_Father: {fileID: 1379708059}
  m_RootOrder: 0
  m_LocalEulerAnglesHint: {x: 0, y: 0, z: 0}
--- !u!1 &2100501813
GameObject:
  m_ObjectHideFlags: 0
  m_CorrespondingSourceObject: {fileID: 1000012397829482, guid: aa3fe542422362540af0033688d76bef,
    type: 2}
  m_PrefabInternal: {fileID: 19601999}
  serializedVersion: 6
  m_Component:
  - component: {fileID: 2100501814}
  m_Layer: 0
  m_Name: Bone008
  m_TagString: Untagged
  m_Icon: {fileID: 0}
  m_NavMeshLayer: 0
  m_StaticEditorFlags: 0
  m_IsActive: 1
--- !u!4 &2100501814
Transform:
  m_ObjectHideFlags: 0
  m_CorrespondingSourceObject: {fileID: 4000013196505706, guid: aa3fe542422362540af0033688d76bef,
    type: 2}
  m_PrefabInternal: {fileID: 19601999}
  m_GameObject: {fileID: 2100501813}
  m_LocalRotation: {x: -0.012883743, y: 0.036291026, z: 0.57686013, w: 0.8159347}
  m_LocalPosition: {x: -0.46844053, y: 0, z: 0}
  m_LocalScale: {x: 0.99999994, y: 1.0000002, z: 1}
  m_Children:
  - {fileID: 872084328}
  - {fileID: 198857481}
  m_Father: {fileID: 1647591911}
  m_RootOrder: 0
  m_LocalEulerAnglesHint: {x: 0, y: 0, z: 0}
--- !u!1 &2107559428
GameObject:
  m_ObjectHideFlags: 0
  m_CorrespondingSourceObject: {fileID: 1000012637979484, guid: aa3fe542422362540af0033688d76bef,
    type: 2}
  m_PrefabInternal: {fileID: 19601999}
  serializedVersion: 6
  m_Component:
  - component: {fileID: 2107559429}
  m_Layer: 0
  m_Name: Bip002 L Clavicle
  m_TagString: Untagged
  m_Icon: {fileID: 0}
  m_NavMeshLayer: 0
  m_StaticEditorFlags: 0
  m_IsActive: 1
--- !u!4 &2107559429
Transform:
  m_ObjectHideFlags: 0
  m_CorrespondingSourceObject: {fileID: 4000013350701636, guid: aa3fe542422362540af0033688d76bef,
    type: 2}
  m_PrefabInternal: {fileID: 19601999}
  m_GameObject: {fileID: 2107559428}
  m_LocalRotation: {x: -0.5432174, y: 0.4526737, z: 0.594354, w: 0.38307273}
  m_LocalPosition: {x: 0.2883075, y: 0.0006536007, z: 0.082603306}
  m_LocalScale: {x: 0.99999994, y: 1, z: 0.99999994}
  m_Children:
  - {fileID: 883069527}
  m_Father: {fileID: 802830863}
  m_RootOrder: 1
  m_LocalEulerAnglesHint: {x: 0, y: 0, z: 0}
